%YAML 1.1
%TAG !u! tag:unity3d.com,2011:
--- !u!29 &1
OcclusionCullingSettings:
  m_ObjectHideFlags: 0
  serializedVersion: 2
  m_OcclusionBakeSettings:
    smallestOccluder: 5
    smallestHole: 0.25
    backfaceThreshold: 100
  m_SceneGUID: 00000000000000000000000000000000
  m_OcclusionCullingData: {fileID: 0}
--- !u!104 &2
RenderSettings:
  m_ObjectHideFlags: 0
  serializedVersion: 9
  m_Fog: 0
  m_FogColor: {r: 0.5, g: 0.5, b: 0.5, a: 1}
  m_FogMode: 3
  m_FogDensity: 0.01
  m_LinearFogStart: 0
  m_LinearFogEnd: 300
  m_AmbientSkyColor: {r: 1, g: 1, b: 1, a: 1}
  m_AmbientEquatorColor: {r: 0.9245283, g: 0.9245283, b: 0.9245283, a: 1}
  m_AmbientGroundColor: {r: 0.6792453, g: 0.6792453, b: 0.6792453, a: 1}
  m_AmbientIntensity: 1
  m_AmbientMode: 1
  m_SubtractiveShadowColor: {r: 0.8018868, g: 0.8018868, b: 0.8018868, a: 1}
  m_SkyboxMaterial: {fileID: 10304, guid: 0000000000000000f000000000000000, type: 0}
  m_HaloStrength: 0.5
  m_FlareStrength: 1
  m_FlareFadeSpeed: 3
  m_HaloTexture: {fileID: 0}
  m_SpotCookie: {fileID: 10001, guid: 0000000000000000e000000000000000, type: 0}
  m_DefaultReflectionMode: 0
  m_DefaultReflectionResolution: 128
  m_ReflectionBounces: 1
  m_ReflectionIntensity: 1
  m_CustomReflection: {fileID: 0}
  m_Sun: {fileID: 0}
  m_IndirectSpecularColor: {r: 0.18386804, g: 0.22901504, b: 0.3031121, a: 1}
  m_UseRadianceAmbientProbe: 0
--- !u!157 &3
LightmapSettings:
  m_ObjectHideFlags: 0
  serializedVersion: 12
  m_GIWorkflowMode: 1
  m_GISettings:
    serializedVersion: 2
    m_BounceScale: 1
    m_IndirectOutputScale: 1
    m_AlbedoBoost: 1
    m_EnvironmentLightingMode: 0
    m_EnableBakedLightmaps: 1
    m_EnableRealtimeLightmaps: 0
  m_LightmapEditorSettings:
    serializedVersion: 12
    m_Resolution: 2
    m_BakeResolution: 40
    m_AtlasSize: 1024
    m_AO: 0
    m_AOMaxDistance: 1
    m_CompAOExponent: 1
    m_CompAOExponentDirect: 0
    m_ExtractAmbientOcclusion: 0
    m_Padding: 2
    m_LightmapParameters: {fileID: 0}
    m_LightmapsBakeMode: 1
    m_TextureCompression: 1
    m_FinalGather: 0
    m_FinalGatherFiltering: 1
    m_FinalGatherRayCount: 256
    m_ReflectionCompression: 2
    m_MixedBakeMode: 2
    m_BakeBackend: 1
    m_PVRSampling: 1
    m_PVRDirectSampleCount: 32
    m_PVRSampleCount: 512
    m_PVRBounces: 2
    m_PVREnvironmentSampleCount: 256
    m_PVREnvironmentReferencePointCount: 2048
    m_PVRFilteringMode: 1
    m_PVRDenoiserTypeDirect: 1
    m_PVRDenoiserTypeIndirect: 1
    m_PVRDenoiserTypeAO: 1
    m_PVRFilterTypeDirect: 0
    m_PVRFilterTypeIndirect: 0
    m_PVRFilterTypeAO: 0
    m_PVREnvironmentMIS: 1
    m_PVRCulling: 1
    m_PVRFilteringGaussRadiusDirect: 1
    m_PVRFilteringGaussRadiusIndirect: 5
    m_PVRFilteringGaussRadiusAO: 2
    m_PVRFilteringAtrousPositionSigmaDirect: 0.5
    m_PVRFilteringAtrousPositionSigmaIndirect: 2
    m_PVRFilteringAtrousPositionSigmaAO: 1
    m_ExportTrainingData: 0
    m_TrainingDataDestination: TrainingData
    m_LightProbeSampleCountMultiplier: 4
  m_LightingDataAsset: {fileID: 0}
  m_LightingSettings: {fileID: 0}
--- !u!196 &4
NavMeshSettings:
  serializedVersion: 2
  m_ObjectHideFlags: 0
  m_BuildSettings:
    serializedVersion: 2
    agentTypeID: 0
    agentRadius: 0.5
    agentHeight: 2
    agentSlope: 45
    agentClimb: 0.4
    ledgeDropHeight: 0
    maxJumpAcrossDistance: 0
    minRegionArea: 2
    manualCellSize: 0
    cellSize: 0.16666667
    manualTileSize: 0
    tileSize: 256
    accuratePlacement: 0
    maxJobWorkers: 0
    preserveTilesOutsideBounds: 0
    debug:
      m_Flags: 0
  m_NavMeshData: {fileID: 0}
--- !u!1 &10854755
GameObject:
  m_ObjectHideFlags: 0
  m_CorrespondingSourceObject: {fileID: 0}
  m_PrefabInstance: {fileID: 0}
  m_PrefabAsset: {fileID: 0}
  serializedVersion: 6
  m_Component:
  - component: {fileID: 10854759}
  - component: {fileID: 10854758}
  - component: {fileID: 10854757}
  - component: {fileID: 10854756}
  m_Layer: 5
  m_Name: Canvas
  m_TagString: Untagged
  m_Icon: {fileID: 0}
  m_NavMeshLayer: 0
  m_StaticEditorFlags: 0
  m_IsActive: 1
--- !u!114 &10854756
MonoBehaviour:
  m_ObjectHideFlags: 0
  m_CorrespondingSourceObject: {fileID: 0}
  m_PrefabInstance: {fileID: 0}
  m_PrefabAsset: {fileID: 0}
  m_GameObject: {fileID: 10854755}
  m_Enabled: 1
  m_EditorHideFlags: 0
  m_Script: {fileID: 11500000, guid: dc42784cf147c0c48a680349fa168899, type: 3}
  m_Name: 
  m_EditorClassIdentifier: 
  m_IgnoreReversedGraphics: 1
  m_BlockingObjects: 0
  m_BlockingMask:
    serializedVersion: 2
    m_Bits: 4294967295
--- !u!114 &10854757
MonoBehaviour:
  m_ObjectHideFlags: 0
  m_CorrespondingSourceObject: {fileID: 0}
  m_PrefabInstance: {fileID: 0}
  m_PrefabAsset: {fileID: 0}
  m_GameObject: {fileID: 10854755}
  m_Enabled: 1
  m_EditorHideFlags: 0
  m_Script: {fileID: 11500000, guid: 0cd44c1031e13a943bb63640046fad76, type: 3}
  m_Name: 
  m_EditorClassIdentifier: 
  m_UiScaleMode: 0
  m_ReferencePixelsPerUnit: 100
  m_ScaleFactor: 1
  m_ReferenceResolution: {x: 800, y: 600}
  m_ScreenMatchMode: 0
  m_MatchWidthOrHeight: 0
  m_PhysicalUnit: 3
  m_FallbackScreenDPI: 96
  m_DefaultSpriteDPI: 96
  m_DynamicPixelsPerUnit: 1
  m_PresetInfoIsWorld: 0
--- !u!223 &10854758
Canvas:
  m_ObjectHideFlags: 0
  m_CorrespondingSourceObject: {fileID: 0}
  m_PrefabInstance: {fileID: 0}
  m_PrefabAsset: {fileID: 0}
  m_GameObject: {fileID: 10854755}
  m_Enabled: 1
  serializedVersion: 3
  m_RenderMode: 0
  m_Camera: {fileID: 0}
  m_PlaneDistance: 100
  m_PixelPerfect: 0
  m_ReceivesEvents: 1
  m_OverrideSorting: 0
  m_OverridePixelPerfect: 0
  m_SortingBucketNormalizedSize: 0
  m_AdditionalShaderChannelsFlag: 0
  m_SortingLayerID: 0
  m_SortingOrder: 0
  m_TargetDisplay: 0
--- !u!224 &10854759
RectTransform:
  m_ObjectHideFlags: 0
  m_CorrespondingSourceObject: {fileID: 0}
  m_PrefabInstance: {fileID: 0}
  m_PrefabAsset: {fileID: 0}
  m_GameObject: {fileID: 10854755}
  m_LocalRotation: {x: 0, y: 0, z: 0, w: 1}
  m_LocalPosition: {x: 0, y: 0, z: 0}
  m_LocalScale: {x: 0, y: 0, z: 0}
  m_Children:
  - {fileID: 1965713944}
  m_Father: {fileID: 0}
  m_RootOrder: 4
  m_LocalEulerAnglesHint: {x: 0, y: 0, z: 0}
  m_AnchorMin: {x: 0, y: 0}
  m_AnchorMax: {x: 0, y: 0}
  m_AnchoredPosition: {x: 0, y: 0}
  m_SizeDelta: {x: 0, y: 0}
  m_Pivot: {x: 0, y: 0}
--- !u!1001 &85097112
PrefabInstance:
  m_ObjectHideFlags: 0
  serializedVersion: 2
  m_Modification:
    m_TransformParent: {fileID: 848124426}
    m_Modifications:
    - target: {fileID: -8679921383154817045, guid: 326af830851f72c4396efac0d4c7d166, type: 3}
      propertyPath: m_RootOrder
      value: 2
      objectReference: {fileID: 0}
    - target: {fileID: -8679921383154817045, guid: 326af830851f72c4396efac0d4c7d166, type: 3}
      propertyPath: m_LocalScale.x
      value: 1
      objectReference: {fileID: 0}
    - target: {fileID: -8679921383154817045, guid: 326af830851f72c4396efac0d4c7d166, type: 3}
      propertyPath: m_LocalScale.y
      value: 1
      objectReference: {fileID: 0}
    - target: {fileID: -8679921383154817045, guid: 326af830851f72c4396efac0d4c7d166, type: 3}
      propertyPath: m_LocalScale.z
      value: 1
      objectReference: {fileID: 0}
    - target: {fileID: -8679921383154817045, guid: 326af830851f72c4396efac0d4c7d166, type: 3}
      propertyPath: m_LocalPosition.x
      value: 0
      objectReference: {fileID: 0}
    - target: {fileID: -8679921383154817045, guid: 326af830851f72c4396efac0d4c7d166, type: 3}
      propertyPath: m_LocalPosition.y
      value: 0
      objectReference: {fileID: 0}
    - target: {fileID: -8679921383154817045, guid: 326af830851f72c4396efac0d4c7d166, type: 3}
      propertyPath: m_LocalPosition.z
      value: 0.0402206
      objectReference: {fileID: 0}
    - target: {fileID: -8679921383154817045, guid: 326af830851f72c4396efac0d4c7d166, type: 3}
      propertyPath: m_LocalRotation.w
      value: 0.00000019470713
      objectReference: {fileID: 0}
    - target: {fileID: -8679921383154817045, guid: 326af830851f72c4396efac0d4c7d166, type: 3}
      propertyPath: m_LocalRotation.x
      value: 4.3166696e-15
      objectReference: {fileID: 0}
    - target: {fileID: -8679921383154817045, guid: 326af830851f72c4396efac0d4c7d166, type: 3}
      propertyPath: m_LocalRotation.y
      value: 1
      objectReference: {fileID: 0}
    - target: {fileID: -8679921383154817045, guid: 326af830851f72c4396efac0d4c7d166, type: 3}
      propertyPath: m_LocalRotation.z
      value: -0.000000021855694
      objectReference: {fileID: 0}
    - target: {fileID: -8679921383154817045, guid: 326af830851f72c4396efac0d4c7d166, type: 3}
      propertyPath: m_LocalEulerAnglesHint.x
      value: 0
      objectReference: {fileID: 0}
    - target: {fileID: -8679921383154817045, guid: 326af830851f72c4396efac0d4c7d166, type: 3}
      propertyPath: m_LocalEulerAnglesHint.y
      value: 0
      objectReference: {fileID: 0}
    - target: {fileID: -8679921383154817045, guid: 326af830851f72c4396efac0d4c7d166, type: 3}
      propertyPath: m_LocalEulerAnglesHint.z
      value: 0
      objectReference: {fileID: 0}
    - target: {fileID: -7511558181221131132, guid: 326af830851f72c4396efac0d4c7d166, type: 3}
      propertyPath: m_Materials.Array.data[0]
      value: 
      objectReference: {fileID: 2100000, guid: 85eb27cdd2211414dac8de8170a42332, type: 2}
    - target: {fileID: 919132149155446097, guid: 326af830851f72c4396efac0d4c7d166, type: 3}
      propertyPath: m_Name
      value: Level6
      objectReference: {fileID: 0}
    m_RemovedComponents: []
  m_SourcePrefab: {fileID: 100100000, guid: 326af830851f72c4396efac0d4c7d166, type: 3}
--- !u!1 &85097113 stripped
GameObject:
  m_CorrespondingSourceObject: {fileID: 919132149155446097, guid: 326af830851f72c4396efac0d4c7d166, type: 3}
  m_PrefabInstance: {fileID: 85097112}
  m_PrefabAsset: {fileID: 0}
--- !u!64 &85097114
MeshCollider:
  m_ObjectHideFlags: 0
  m_CorrespondingSourceObject: {fileID: 0}
  m_PrefabInstance: {fileID: 0}
  m_PrefabAsset: {fileID: 0}
  m_GameObject: {fileID: 85097113}
  m_Material: {fileID: 0}
  m_IsTrigger: 0
  m_Enabled: 1
  serializedVersion: 4
  m_Convex: 0
  m_CookingOptions: 30
  m_Mesh: {fileID: 3143607971204228048, guid: 326af830851f72c4396efac0d4c7d166, type: 3}
--- !u!1 &223171648
GameObject:
  m_ObjectHideFlags: 0
  m_CorrespondingSourceObject: {fileID: 0}
  m_PrefabInstance: {fileID: 0}
  m_PrefabAsset: {fileID: 0}
  serializedVersion: 6
  m_Component:
  - component: {fileID: 223171649}
  - component: {fileID: 223171651}
  - component: {fileID: 223171650}
  m_Layer: 0
  m_Name: Pull (1)
  m_TagString: Untagged
  m_Icon: {fileID: 0}
  m_NavMeshLayer: 0
  m_StaticEditorFlags: 0
  m_IsActive: 1
--- !u!4 &223171649
Transform:
  m_ObjectHideFlags: 0
  m_CorrespondingSourceObject: {fileID: 0}
  m_PrefabInstance: {fileID: 0}
  m_PrefabAsset: {fileID: 0}
  m_GameObject: {fileID: 223171648}
  m_LocalRotation: {x: -0, y: -0, z: -0, w: 1}
  m_LocalPosition: {x: -4.27, y: -17.06, z: -0}
  m_LocalScale: {x: 1, y: 1, z: 1}
  m_Children: []
  m_Father: {fileID: 9082949806007443309}
  m_RootOrder: 0
  m_LocalEulerAnglesHint: {x: 0, y: 0, z: 0}
--- !u!114 &223171650
MonoBehaviour:
  m_ObjectHideFlags: 0
  m_CorrespondingSourceObject: {fileID: 0}
  m_PrefabInstance: {fileID: 0}
  m_PrefabAsset: {fileID: 0}
  m_GameObject: {fileID: 223171648}
  m_Enabled: 1
  m_EditorHideFlags: 0
  m_Script: {fileID: 11500000, guid: e8559ec42bc2ba5479ed9d16a8cec6bc, type: 3}
  m_Name: 
  m_EditorClassIdentifier: 
  base_force: -2000
--- !u!65 &223171651
BoxCollider:
  m_ObjectHideFlags: 0
  m_CorrespondingSourceObject: {fileID: 0}
  m_PrefabInstance: {fileID: 0}
  m_PrefabAsset: {fileID: 0}
  m_GameObject: {fileID: 223171648}
  m_Material: {fileID: 0}
  m_IsTrigger: 1
  m_Enabled: 1
  serializedVersion: 2
  m_Size: {x: 6.784772, y: 4.7038436, z: 3.263577}
  m_Center: {x: -2.1328244, y: -4.5708556, z: -1.8183357}
--- !u!1001 &226471940
PrefabInstance:
  m_ObjectHideFlags: 0
  serializedVersion: 2
  m_Modification:
    m_TransformParent: {fileID: 1707261847}
    m_Modifications:
    - target: {fileID: 6712784472222726575, guid: 732554dbe8bef5447a8ff60b9350f5a2, type: 3}
      propertyPath: id
      value: 1
      objectReference: {fileID: 0}
    - target: {fileID: 8875603075383304630, guid: 732554dbe8bef5447a8ff60b9350f5a2, type: 3}
      propertyPath: m_Name
      value: Ball (1)
      objectReference: {fileID: 0}
    - target: {fileID: 8875603075383304634, guid: 732554dbe8bef5447a8ff60b9350f5a2, type: 3}
      propertyPath: m_RootOrder
      value: 1
      objectReference: {fileID: 0}
    - target: {fileID: 8875603075383304634, guid: 732554dbe8bef5447a8ff60b9350f5a2, type: 3}
      propertyPath: m_LocalPosition.x
      value: -3.7
      objectReference: {fileID: 0}
    - target: {fileID: 8875603075383304634, guid: 732554dbe8bef5447a8ff60b9350f5a2, type: 3}
      propertyPath: m_LocalPosition.y
      value: 9.2
      objectReference: {fileID: 0}
    - target: {fileID: 8875603075383304634, guid: 732554dbe8bef5447a8ff60b9350f5a2, type: 3}
      propertyPath: m_LocalPosition.z
      value: 0.009613037
      objectReference: {fileID: 0}
    - target: {fileID: 8875603075383304634, guid: 732554dbe8bef5447a8ff60b9350f5a2, type: 3}
      propertyPath: m_LocalRotation.w
      value: 1
      objectReference: {fileID: 0}
    - target: {fileID: 8875603075383304634, guid: 732554dbe8bef5447a8ff60b9350f5a2, type: 3}
      propertyPath: m_LocalRotation.x
      value: -0
      objectReference: {fileID: 0}
    - target: {fileID: 8875603075383304634, guid: 732554dbe8bef5447a8ff60b9350f5a2, type: 3}
      propertyPath: m_LocalRotation.y
      value: -0
      objectReference: {fileID: 0}
    - target: {fileID: 8875603075383304634, guid: 732554dbe8bef5447a8ff60b9350f5a2, type: 3}
      propertyPath: m_LocalRotation.z
      value: -0
      objectReference: {fileID: 0}
    - target: {fileID: 8875603075383304634, guid: 732554dbe8bef5447a8ff60b9350f5a2, type: 3}
      propertyPath: m_LocalEulerAnglesHint.x
      value: 0
      objectReference: {fileID: 0}
    - target: {fileID: 8875603075383304634, guid: 732554dbe8bef5447a8ff60b9350f5a2, type: 3}
      propertyPath: m_LocalEulerAnglesHint.y
      value: 0
      objectReference: {fileID: 0}
    - target: {fileID: 8875603075383304634, guid: 732554dbe8bef5447a8ff60b9350f5a2, type: 3}
      propertyPath: m_LocalEulerAnglesHint.z
      value: 0
      objectReference: {fileID: 0}
    m_RemovedComponents: []
  m_SourcePrefab: {fileID: 100100000, guid: 732554dbe8bef5447a8ff60b9350f5a2, type: 3}
--- !u!4 &226471941 stripped
Transform:
  m_CorrespondingSourceObject: {fileID: 8875603075383304634, guid: 732554dbe8bef5447a8ff60b9350f5a2, type: 3}
  m_PrefabInstance: {fileID: 226471940}
  m_PrefabAsset: {fileID: 0}
--- !u!1 &261664453
GameObject:
  m_ObjectHideFlags: 0
  m_CorrespondingSourceObject: {fileID: 0}
  m_PrefabInstance: {fileID: 0}
  m_PrefabAsset: {fileID: 0}
  serializedVersion: 6
  m_Component:
  - component: {fileID: 261664454}
  m_Layer: 0
  m_Name: LevelFBX
  m_TagString: Untagged
  m_Icon: {fileID: 0}
  m_NavMeshLayer: 0
  m_StaticEditorFlags: 0
  m_IsActive: 1
--- !u!4 &261664454
Transform:
  m_ObjectHideFlags: 0
  m_CorrespondingSourceObject: {fileID: 0}
  m_PrefabInstance: {fileID: 0}
  m_PrefabAsset: {fileID: 0}
  m_GameObject: {fileID: 261664453}
  m_LocalRotation: {x: 2.380318e-13, y: -1, z: 0.00000008146033, w: 0.0000029504295}
  m_LocalPosition: {x: 0, y: 0, z: 4.4}
  m_LocalScale: {x: 100, y: 100, z: 100}
  m_Children:
  - {fileID: 848124426}
  m_Father: {fileID: 0}
  m_RootOrder: 2
  m_LocalEulerAnglesHint: {x: 0, y: 0, z: 0}
--- !u!1 &274907238
GameObject:
  m_ObjectHideFlags: 0
  m_CorrespondingSourceObject: {fileID: 0}
  m_PrefabInstance: {fileID: 0}
  m_PrefabAsset: {fileID: 0}
  serializedVersion: 6
  m_Component:
  - component: {fileID: 274907241}
  - component: {fileID: 274907240}
  - component: {fileID: 274907239}
  - component: {fileID: 274907242}
  m_Layer: 0
  m_Name: Main Camera
  m_TagString: MainCamera
  m_Icon: {fileID: 0}
  m_NavMeshLayer: 0
  m_StaticEditorFlags: 0
  m_IsActive: 1
--- !u!81 &274907239
AudioListener:
  m_ObjectHideFlags: 0
  m_CorrespondingSourceObject: {fileID: 0}
  m_PrefabInstance: {fileID: 0}
  m_PrefabAsset: {fileID: 0}
  m_GameObject: {fileID: 274907238}
  m_Enabled: 1
--- !u!20 &274907240
Camera:
  m_ObjectHideFlags: 0
  m_CorrespondingSourceObject: {fileID: 0}
  m_PrefabInstance: {fileID: 0}
  m_PrefabAsset: {fileID: 0}
  m_GameObject: {fileID: 274907238}
  m_Enabled: 1
  serializedVersion: 2
  m_ClearFlags: 1
  m_BackGroundColor: {r: 0.42973128, g: 0.23696156, b: 0.6698113, a: 1}
  m_projectionMatrixMode: 1
  m_GateFitMode: 2
  m_FOVAxisMode: 0
  m_SensorSize: {x: 36, y: 24}
  m_LensShift: {x: 0, y: 0}
  m_FocalLength: 50
  m_NormalizedViewPortRect:
    serializedVersion: 2
    x: 0
    y: 0
    width: 1
    height: 1
  near clip plane: 0.3
  far clip plane: 1000
  field of view: 35
  orthographic: 0
  orthographic size: 5
  m_Depth: -1
  m_CullingMask:
    serializedVersion: 2
    m_Bits: 4294967295
  m_RenderingPath: -1
  m_TargetTexture: {fileID: 0}
  m_TargetDisplay: 0
  m_TargetEye: 3
  m_HDR: 1
  m_AllowMSAA: 1
  m_AllowDynamicResolution: 0
  m_ForceIntoRT: 0
  m_OcclusionCulling: 1
  m_StereoConvergence: 10
  m_StereoSeparation: 0.022
--- !u!4 &274907241
Transform:
  m_ObjectHideFlags: 0
  m_CorrespondingSourceObject: {fileID: 0}
  m_PrefabInstance: {fileID: 0}
  m_PrefabAsset: {fileID: 0}
  m_GameObject: {fileID: 274907238}
  m_LocalRotation: {x: -2.380318e-13, y: 1, z: -0.00000008146033, w: 0.0000029504295}
  m_LocalPosition: {x: -0, y: 0.008, z: 1.078}
  m_LocalScale: {x: 0.01, y: 0.01, z: 0.01}
  m_Children: []
  m_Father: {fileID: 848124426}
  m_RootOrder: 1
  m_LocalEulerAnglesHint: {x: 0, y: 0, z: 0}
--- !u!114 &274907242
MonoBehaviour:
  m_ObjectHideFlags: 0
  m_CorrespondingSourceObject: {fileID: 0}
  m_PrefabInstance: {fileID: 0}
  m_PrefabAsset: {fileID: 0}
  m_GameObject: {fileID: 274907238}
  m_Enabled: 1
  m_EditorHideFlags: 0
  m_Script: {fileID: 11500000, guid: a79441f348de89743a2939f4d699eac1, type: 3}
  m_Name: 
  m_EditorClassIdentifier: 
  m_RenderShadows: 1
  m_RequiresDepthTextureOption: 2
  m_RequiresOpaqueTextureOption: 2
  m_CameraType: 0
  m_Cameras: []
  m_RendererIndex: -1
  m_VolumeLayerMask:
    serializedVersion: 2
    m_Bits: 1
  m_VolumeTrigger: {fileID: 0}
  m_VolumeFrameworkUpdateModeOption: 2
  m_RenderPostProcessing: 0
  m_Antialiasing: 0
  m_AntialiasingQuality: 2
  m_StopNaN: 0
  m_Dithering: 0
  m_ClearDepth: 1
  m_AllowXRRendering: 1
  m_RequiresDepthTexture: 0
  m_RequiresColorTexture: 0
  m_Version: 2
--- !u!4 &335991255 stripped
Transform:
  m_CorrespondingSourceObject: {fileID: 8875603075383304634, guid: 732554dbe8bef5447a8ff60b9350f5a2, type: 3}
  m_PrefabInstance: {fileID: 2130797803}
  m_PrefabAsset: {fileID: 0}
--- !u!1001 &350023687
PrefabInstance:
  m_ObjectHideFlags: 0
  serializedVersion: 2
  m_Modification:
    m_TransformParent: {fileID: 923813332}
    m_Modifications:
    - target: {fileID: 5451001200254114834, guid: d523a89cc38085b45a3677d1b755e3a5, type: 3}
      propertyPath: m_RootOrder
      value: 1
      objectReference: {fileID: 0}
    - target: {fileID: 5451001200254114834, guid: d523a89cc38085b45a3677d1b755e3a5, type: 3}
      propertyPath: m_LocalPosition.x
      value: 10.4
      objectReference: {fileID: 0}
    - target: {fileID: 5451001200254114834, guid: d523a89cc38085b45a3677d1b755e3a5, type: 3}
      propertyPath: m_LocalPosition.y
      value: -5.5
      objectReference: {fileID: 0}
    - target: {fileID: 5451001200254114834, guid: d523a89cc38085b45a3677d1b755e3a5, type: 3}
      propertyPath: m_LocalPosition.z
      value: 0
      objectReference: {fileID: 0}
    - target: {fileID: 5451001200254114834, guid: d523a89cc38085b45a3677d1b755e3a5, type: 3}
      propertyPath: m_LocalRotation.w
      value: -0.7071067
      objectReference: {fileID: 0}
    - target: {fileID: 5451001200254114834, guid: d523a89cc38085b45a3677d1b755e3a5, type: 3}
      propertyPath: m_LocalRotation.x
      value: -0
      objectReference: {fileID: 0}
    - target: {fileID: 5451001200254114834, guid: d523a89cc38085b45a3677d1b755e3a5, type: 3}
      propertyPath: m_LocalRotation.y
      value: -0
      objectReference: {fileID: 0}
    - target: {fileID: 5451001200254114834, guid: d523a89cc38085b45a3677d1b755e3a5, type: 3}
      propertyPath: m_LocalRotation.z
      value: -0.7071069
      objectReference: {fileID: 0}
    - target: {fileID: 5451001200254114834, guid: d523a89cc38085b45a3677d1b755e3a5, type: 3}
      propertyPath: m_LocalEulerAnglesHint.x
      value: 0
      objectReference: {fileID: 0}
    - target: {fileID: 5451001200254114834, guid: d523a89cc38085b45a3677d1b755e3a5, type: 3}
      propertyPath: m_LocalEulerAnglesHint.y
      value: 0
      objectReference: {fileID: 0}
    - target: {fileID: 5451001200254114834, guid: d523a89cc38085b45a3677d1b755e3a5, type: 3}
      propertyPath: m_LocalEulerAnglesHint.z
      value: -270
      objectReference: {fileID: 0}
    - target: {fileID: 5451001200254114835, guid: d523a89cc38085b45a3677d1b755e3a5, type: 3}
      propertyPath: m_Name
      value: Fan (1)
      objectReference: {fileID: 0}
    - target: {fileID: 5451001200254114836, guid: d523a89cc38085b45a3677d1b755e3a5, type: 3}
      propertyPath: debug_text
      value: 
      objectReference: {fileID: 0}
    - target: {fileID: 5451001202141882019, guid: d523a89cc38085b45a3677d1b755e3a5, type: 3}
      propertyPath: id
      value: 1
      objectReference: {fileID: 0}
    - target: {fileID: 5451001202298992871, guid: d523a89cc38085b45a3677d1b755e3a5, type: 3}
      propertyPath: id
      value: 1
      objectReference: {fileID: 0}
    m_RemovedComponents: []
  m_SourcePrefab: {fileID: 100100000, guid: d523a89cc38085b45a3677d1b755e3a5, type: 3}
--- !u!114 &350023688 stripped
MonoBehaviour:
  m_CorrespondingSourceObject: {fileID: 535177308696129975, guid: d523a89cc38085b45a3677d1b755e3a5, type: 3}
  m_PrefabInstance: {fileID: 350023687}
  m_PrefabAsset: {fileID: 0}
  m_GameObject: {fileID: 0}
  m_Enabled: 1
  m_EditorHideFlags: 0
  m_Script: {fileID: 11500000, guid: cfe8a4313a5d34547abcb8e407f28781, type: 3}
  m_Name: 
  m_EditorClassIdentifier: 
--- !u!1001 &545677847
PrefabInstance:
  m_ObjectHideFlags: 0
  serializedVersion: 2
  m_Modification:
    m_TransformParent: {fileID: 1707261847}
    m_Modifications:
    - target: {fileID: 6712784472222726575, guid: 732554dbe8bef5447a8ff60b9350f5a2, type: 3}
      propertyPath: id
      value: 3
      objectReference: {fileID: 0}
    - target: {fileID: 8875603075383304630, guid: 732554dbe8bef5447a8ff60b9350f5a2, type: 3}
      propertyPath: m_Name
      value: Ball (2)
      objectReference: {fileID: 0}
    - target: {fileID: 8875603075383304634, guid: 732554dbe8bef5447a8ff60b9350f5a2, type: 3}
      propertyPath: m_RootOrder
      value: 2
      objectReference: {fileID: 0}
    - target: {fileID: 8875603075383304634, guid: 732554dbe8bef5447a8ff60b9350f5a2, type: 3}
      propertyPath: m_LocalPosition.x
      value: 9.72
      objectReference: {fileID: 0}
    - target: {fileID: 8875603075383304634, guid: 732554dbe8bef5447a8ff60b9350f5a2, type: 3}
      propertyPath: m_LocalPosition.y
      value: 7.81
      objectReference: {fileID: 0}
    - target: {fileID: 8875603075383304634, guid: 732554dbe8bef5447a8ff60b9350f5a2, type: 3}
      propertyPath: m_LocalPosition.z
      value: 0.009613037
      objectReference: {fileID: 0}
    - target: {fileID: 8875603075383304634, guid: 732554dbe8bef5447a8ff60b9350f5a2, type: 3}
      propertyPath: m_LocalRotation.w
      value: 1
      objectReference: {fileID: 0}
    - target: {fileID: 8875603075383304634, guid: 732554dbe8bef5447a8ff60b9350f5a2, type: 3}
      propertyPath: m_LocalRotation.x
      value: -0
      objectReference: {fileID: 0}
    - target: {fileID: 8875603075383304634, guid: 732554dbe8bef5447a8ff60b9350f5a2, type: 3}
      propertyPath: m_LocalRotation.y
      value: -0
      objectReference: {fileID: 0}
    - target: {fileID: 8875603075383304634, guid: 732554dbe8bef5447a8ff60b9350f5a2, type: 3}
      propertyPath: m_LocalRotation.z
      value: -0
      objectReference: {fileID: 0}
    - target: {fileID: 8875603075383304634, guid: 732554dbe8bef5447a8ff60b9350f5a2, type: 3}
      propertyPath: m_LocalEulerAnglesHint.x
      value: 0
      objectReference: {fileID: 0}
    - target: {fileID: 8875603075383304634, guid: 732554dbe8bef5447a8ff60b9350f5a2, type: 3}
      propertyPath: m_LocalEulerAnglesHint.y
      value: 0
      objectReference: {fileID: 0}
    - target: {fileID: 8875603075383304634, guid: 732554dbe8bef5447a8ff60b9350f5a2, type: 3}
      propertyPath: m_LocalEulerAnglesHint.z
      value: 0
      objectReference: {fileID: 0}
    m_RemovedComponents: []
  m_SourcePrefab: {fileID: 100100000, guid: 732554dbe8bef5447a8ff60b9350f5a2, type: 3}
--- !u!4 &545677848 stripped
Transform:
  m_CorrespondingSourceObject: {fileID: 8875603075383304634, guid: 732554dbe8bef5447a8ff60b9350f5a2, type: 3}
  m_PrefabInstance: {fileID: 545677847}
  m_PrefabAsset: {fileID: 0}
--- !u!1 &655132089
GameObject:
  m_ObjectHideFlags: 0
  m_CorrespondingSourceObject: {fileID: 0}
  m_PrefabInstance: {fileID: 0}
  m_PrefabAsset: {fileID: 0}
  serializedVersion: 6
  m_Component:
  - component: {fileID: 655132090}
  m_Layer: 0
  m_Name: GameObject
  m_TagString: Untagged
  m_Icon: {fileID: 0}
  m_NavMeshLayer: 0
  m_StaticEditorFlags: 0
  m_IsActive: 1
--- !u!4 &655132090
Transform:
  m_ObjectHideFlags: 0
  m_CorrespondingSourceObject: {fileID: 0}
  m_PrefabInstance: {fileID: 0}
  m_PrefabAsset: {fileID: 0}
  m_GameObject: {fileID: 655132089}
  m_LocalRotation: {x: 0, y: 0, z: 0, w: 1}
  m_LocalPosition: {x: 0.1, y: 0.2, z: -0.5691557}
  m_LocalScale: {x: 1, y: 1, z: 1}
  m_Children: []
  m_Father: {fileID: 0}
  m_RootOrder: 8
  m_LocalEulerAnglesHint: {x: 0, y: 0, z: 0}
--- !u!1 &683374306
GameObject:
  m_ObjectHideFlags: 0
  m_CorrespondingSourceObject: {fileID: 0}
  m_PrefabInstance: {fileID: 0}
  m_PrefabAsset: {fileID: 0}
  serializedVersion: 6
  m_Component:
  - component: {fileID: 683374307}
  - component: {fileID: 683374309}
  - component: {fileID: 683374308}
  m_Layer: 0
  m_Name: Pull (4)
  m_TagString: Untagged
  m_Icon: {fileID: 0}
  m_NavMeshLayer: 0
  m_StaticEditorFlags: 0
  m_IsActive: 1
--- !u!4 &683374307
Transform:
  m_ObjectHideFlags: 0
  m_CorrespondingSourceObject: {fileID: 0}
  m_PrefabInstance: {fileID: 0}
  m_PrefabAsset: {fileID: 0}
  m_GameObject: {fileID: 683374306}
  m_LocalRotation: {x: -0, y: -0, z: -0, w: 1}
  m_LocalPosition: {x: -7.45, y: -37.09, z: -0}
  m_LocalScale: {x: 1, y: 1, z: 1}
  m_Children: []
  m_Father: {fileID: 9082949806007443309}
  m_RootOrder: 3
  m_LocalEulerAnglesHint: {x: 0, y: 0, z: 0}
--- !u!114 &683374308
MonoBehaviour:
  m_ObjectHideFlags: 0
  m_CorrespondingSourceObject: {fileID: 0}
  m_PrefabInstance: {fileID: 0}
  m_PrefabAsset: {fileID: 0}
  m_GameObject: {fileID: 683374306}
  m_Enabled: 1
  m_EditorHideFlags: 0
  m_Script: {fileID: 11500000, guid: e8559ec42bc2ba5479ed9d16a8cec6bc, type: 3}
  m_Name: 
  m_EditorClassIdentifier: 
  base_force: -2000
--- !u!65 &683374309
BoxCollider:
  m_ObjectHideFlags: 0
  m_CorrespondingSourceObject: {fileID: 0}
  m_PrefabInstance: {fileID: 0}
  m_PrefabAsset: {fileID: 0}
  m_GameObject: {fileID: 683374306}
  m_Material: {fileID: 0}
  m_IsTrigger: 1
  m_Enabled: 1
  serializedVersion: 2
  m_Size: {x: 19.915443, y: 8.624366, z: 3.263577}
  m_Center: {x: 7.2950926, y: -4.8508987, z: -1.8183358}
--- !u!1001 &702987218
PrefabInstance:
  m_ObjectHideFlags: 0
  serializedVersion: 2
  m_Modification:
    m_TransformParent: {fileID: 1707261847}
    m_Modifications:
    - target: {fileID: 6712784472222726575, guid: 732554dbe8bef5447a8ff60b9350f5a2, type: 3}
      propertyPath: id
      value: 2
      objectReference: {fileID: 0}
    - target: {fileID: 8875603075383304630, guid: 732554dbe8bef5447a8ff60b9350f5a2, type: 3}
      propertyPath: m_Name
      value: Ball (8)
      objectReference: {fileID: 0}
    - target: {fileID: 8875603075383304634, guid: 732554dbe8bef5447a8ff60b9350f5a2, type: 3}
      propertyPath: m_RootOrder
      value: 8
      objectReference: {fileID: 0}
    - target: {fileID: 8875603075383304634, guid: 732554dbe8bef5447a8ff60b9350f5a2, type: 3}
      propertyPath: m_LocalPosition.x
      value: 1.91
      objectReference: {fileID: 0}
    - target: {fileID: 8875603075383304634, guid: 732554dbe8bef5447a8ff60b9350f5a2, type: 3}
      propertyPath: m_LocalPosition.y
      value: -5.02
      objectReference: {fileID: 0}
    - target: {fileID: 8875603075383304634, guid: 732554dbe8bef5447a8ff60b9350f5a2, type: 3}
      propertyPath: m_LocalPosition.z
      value: 0.009613037
      objectReference: {fileID: 0}
    - target: {fileID: 8875603075383304634, guid: 732554dbe8bef5447a8ff60b9350f5a2, type: 3}
      propertyPath: m_LocalRotation.w
      value: 1
      objectReference: {fileID: 0}
    - target: {fileID: 8875603075383304634, guid: 732554dbe8bef5447a8ff60b9350f5a2, type: 3}
      propertyPath: m_LocalRotation.x
      value: -0
      objectReference: {fileID: 0}
    - target: {fileID: 8875603075383304634, guid: 732554dbe8bef5447a8ff60b9350f5a2, type: 3}
      propertyPath: m_LocalRotation.y
      value: -0
      objectReference: {fileID: 0}
    - target: {fileID: 8875603075383304634, guid: 732554dbe8bef5447a8ff60b9350f5a2, type: 3}
      propertyPath: m_LocalRotation.z
      value: -0
      objectReference: {fileID: 0}
    - target: {fileID: 8875603075383304634, guid: 732554dbe8bef5447a8ff60b9350f5a2, type: 3}
      propertyPath: m_LocalEulerAnglesHint.x
      value: 0
      objectReference: {fileID: 0}
    - target: {fileID: 8875603075383304634, guid: 732554dbe8bef5447a8ff60b9350f5a2, type: 3}
      propertyPath: m_LocalEulerAnglesHint.y
      value: 0
      objectReference: {fileID: 0}
    - target: {fileID: 8875603075383304634, guid: 732554dbe8bef5447a8ff60b9350f5a2, type: 3}
      propertyPath: m_LocalEulerAnglesHint.z
      value: 0
      objectReference: {fileID: 0}
    m_RemovedComponents: []
  m_SourcePrefab: {fileID: 100100000, guid: 732554dbe8bef5447a8ff60b9350f5a2, type: 3}
--- !u!4 &702987219 stripped
Transform:
  m_CorrespondingSourceObject: {fileID: 8875603075383304634, guid: 732554dbe8bef5447a8ff60b9350f5a2, type: 3}
  m_PrefabInstance: {fileID: 702987218}
  m_PrefabAsset: {fileID: 0}
--- !u!1 &834559776
GameObject:
  m_ObjectHideFlags: 0
  m_CorrespondingSourceObject: {fileID: 0}
  m_PrefabInstance: {fileID: 0}
  m_PrefabAsset: {fileID: 0}
  serializedVersion: 6
  m_Component:
  - component: {fileID: 834559779}
  - component: {fileID: 834559778}
  - component: {fileID: 834559777}
  m_Layer: 0
  m_Name: EventSystem
  m_TagString: Untagged
  m_Icon: {fileID: 0}
  m_NavMeshLayer: 0
  m_StaticEditorFlags: 0
  m_IsActive: 1
--- !u!114 &834559777
MonoBehaviour:
  m_ObjectHideFlags: 0
  m_CorrespondingSourceObject: {fileID: 0}
  m_PrefabInstance: {fileID: 0}
  m_PrefabAsset: {fileID: 0}
  m_GameObject: {fileID: 834559776}
  m_Enabled: 1
  m_EditorHideFlags: 0
  m_Script: {fileID: 11500000, guid: 4f231c4fb786f3946a6b90b886c48677, type: 3}
  m_Name: 
  m_EditorClassIdentifier: 
  m_HorizontalAxis: Horizontal
  m_VerticalAxis: Vertical
  m_SubmitButton: Submit
  m_CancelButton: Cancel
  m_InputActionsPerSecond: 10
  m_RepeatDelay: 0.5
  m_ForceModuleActive: 0
--- !u!114 &834559778
MonoBehaviour:
  m_ObjectHideFlags: 0
  m_CorrespondingSourceObject: {fileID: 0}
  m_PrefabInstance: {fileID: 0}
  m_PrefabAsset: {fileID: 0}
  m_GameObject: {fileID: 834559776}
  m_Enabled: 1
  m_EditorHideFlags: 0
  m_Script: {fileID: 11500000, guid: 76c392e42b5098c458856cdf6ecaaaa1, type: 3}
  m_Name: 
  m_EditorClassIdentifier: 
  m_FirstSelected: {fileID: 0}
  m_sendNavigationEvents: 1
  m_DragThreshold: 10
--- !u!4 &834559779
Transform:
  m_ObjectHideFlags: 0
  m_CorrespondingSourceObject: {fileID: 0}
  m_PrefabInstance: {fileID: 0}
  m_PrefabAsset: {fileID: 0}
  m_GameObject: {fileID: 834559776}
  m_LocalRotation: {x: 0, y: 0, z: 0, w: 1}
  m_LocalPosition: {x: 0, y: 0, z: 0}
  m_LocalScale: {x: 1, y: 1, z: 1}
  m_Children: []
  m_Father: {fileID: 0}
  m_RootOrder: 5
  m_LocalEulerAnglesHint: {x: 0, y: 0, z: 0}
--- !u!1001 &848124417
PrefabInstance:
  m_ObjectHideFlags: 0
  serializedVersion: 2
  m_Modification:
    m_TransformParent: {fileID: 261664454}
    m_Modifications:
    - target: {fileID: -8679921383154817045, guid: 2f6284a8e667f34448e7400b5726acd6, type: 3}
      propertyPath: m_RootOrder
      value: 0
      objectReference: {fileID: 0}
    - target: {fileID: -8679921383154817045, guid: 2f6284a8e667f34448e7400b5726acd6, type: 3}
      propertyPath: m_LocalScale.x
      value: 1
      objectReference: {fileID: 0}
    - target: {fileID: -8679921383154817045, guid: 2f6284a8e667f34448e7400b5726acd6, type: 3}
      propertyPath: m_LocalScale.y
      value: 1
      objectReference: {fileID: 0}
    - target: {fileID: -8679921383154817045, guid: 2f6284a8e667f34448e7400b5726acd6, type: 3}
      propertyPath: m_LocalScale.z
      value: 1
      objectReference: {fileID: 0}
    - target: {fileID: -8679921383154817045, guid: 2f6284a8e667f34448e7400b5726acd6, type: 3}
      propertyPath: m_LocalPosition.x
      value: 0
      objectReference: {fileID: 0}
    - target: {fileID: -8679921383154817045, guid: 2f6284a8e667f34448e7400b5726acd6, type: 3}
      propertyPath: m_LocalPosition.y
      value: 0
      objectReference: {fileID: 0}
    - target: {fileID: -8679921383154817045, guid: 2f6284a8e667f34448e7400b5726acd6, type: 3}
      propertyPath: m_LocalPosition.z
      value: 0
      objectReference: {fileID: 0}
    - target: {fileID: -8679921383154817045, guid: 2f6284a8e667f34448e7400b5726acd6, type: 3}
      propertyPath: m_LocalRotation.w
      value: 1
      objectReference: {fileID: 0}
    - target: {fileID: -8679921383154817045, guid: 2f6284a8e667f34448e7400b5726acd6, type: 3}
      propertyPath: m_LocalRotation.x
      value: -0
      objectReference: {fileID: 0}
    - target: {fileID: -8679921383154817045, guid: 2f6284a8e667f34448e7400b5726acd6, type: 3}
      propertyPath: m_LocalRotation.y
      value: -0
      objectReference: {fileID: 0}
    - target: {fileID: -8679921383154817045, guid: 2f6284a8e667f34448e7400b5726acd6, type: 3}
      propertyPath: m_LocalRotation.z
      value: -0
      objectReference: {fileID: 0}
    - target: {fileID: -8679921383154817045, guid: 2f6284a8e667f34448e7400b5726acd6, type: 3}
      propertyPath: m_LocalEulerAnglesHint.x
      value: 0
      objectReference: {fileID: 0}
    - target: {fileID: -8679921383154817045, guid: 2f6284a8e667f34448e7400b5726acd6, type: 3}
      propertyPath: m_LocalEulerAnglesHint.y
      value: -180
      objectReference: {fileID: 0}
    - target: {fileID: -8679921383154817045, guid: 2f6284a8e667f34448e7400b5726acd6, type: 3}
      propertyPath: m_LocalEulerAnglesHint.z
      value: 0
      objectReference: {fileID: 0}
    - target: {fileID: -7511558181221131132, guid: 2f6284a8e667f34448e7400b5726acd6, type: 3}
      propertyPath: m_Enabled
      value: 0
      objectReference: {fileID: 0}
    - target: {fileID: -7511558181221131132, guid: 2f6284a8e667f34448e7400b5726acd6, type: 3}
      propertyPath: m_Materials.Array.data[0]
      value: 
      objectReference: {fileID: 2100000, guid: 93d38eeedc2246e4cba1c27274709424, type: 2}
    - target: {fileID: -7365418872594711529, guid: 2f6284a8e667f34448e7400b5726acd6, type: 3}
      propertyPath: m_Materials.Array.data[0]
      value: 
      objectReference: {fileID: 2100000, guid: 85eb27cdd2211414dac8de8170a42332, type: 2}
    - target: {fileID: -5728701900921820887, guid: 2f6284a8e667f34448e7400b5726acd6, type: 3}
      propertyPath: m_Materials.Array.data[0]
      value: 
      objectReference: {fileID: 2100000, guid: 93d38eeedc2246e4cba1c27274709424, type: 2}
    - target: {fileID: -1677401526853498921, guid: 2f6284a8e667f34448e7400b5726acd6, type: 3}
      propertyPath: m_Materials.Array.data[0]
      value: 
      objectReference: {fileID: 2100000, guid: 85eb27cdd2211414dac8de8170a42332, type: 2}
    - target: {fileID: 919132149155446097, guid: 2f6284a8e667f34448e7400b5726acd6, type: 3}
      propertyPath: m_Name
      value: Level_Boundary
      objectReference: {fileID: 0}
    - target: {fileID: 2258846102370508177, guid: 2f6284a8e667f34448e7400b5726acd6, type: 3}
      propertyPath: m_Materials.Array.data[0]
      value: 
      objectReference: {fileID: 2100000, guid: 85eb27cdd2211414dac8de8170a42332, type: 2}
    - target: {fileID: 6628135787082678274, guid: 2f6284a8e667f34448e7400b5726acd6, type: 3}
      propertyPath: m_IsActive
      value: 0
      objectReference: {fileID: 0}
    m_RemovedComponents: []
  m_SourcePrefab: {fileID: 100100000, guid: 2f6284a8e667f34448e7400b5726acd6, type: 3}
--- !u!1 &848124418 stripped
GameObject:
  m_CorrespondingSourceObject: {fileID: 6628135787082678274, guid: 2f6284a8e667f34448e7400b5726acd6, type: 3}
  m_PrefabInstance: {fileID: 848124417}
  m_PrefabAsset: {fileID: 0}
--- !u!1 &848124419 stripped
GameObject:
  m_CorrespondingSourceObject: {fileID: 613350883217824653, guid: 2f6284a8e667f34448e7400b5726acd6, type: 3}
  m_PrefabInstance: {fileID: 848124417}
  m_PrefabAsset: {fileID: 0}
--- !u!1 &848124420 stripped
GameObject:
  m_CorrespondingSourceObject: {fileID: -8889818670367542715, guid: 2f6284a8e667f34448e7400b5726acd6, type: 3}
  m_PrefabInstance: {fileID: 848124417}
  m_PrefabAsset: {fileID: 0}
--- !u!1 &848124421 stripped
GameObject:
  m_CorrespondingSourceObject: {fileID: 2693490529338157339, guid: 2f6284a8e667f34448e7400b5726acd6, type: 3}
  m_PrefabInstance: {fileID: 848124417}
  m_PrefabAsset: {fileID: 0}
--- !u!65 &848124422
BoxCollider:
  m_ObjectHideFlags: 0
  m_CorrespondingSourceObject: {fileID: 0}
  m_PrefabInstance: {fileID: 0}
  m_PrefabAsset: {fileID: 0}
  m_GameObject: {fileID: 848124418}
  m_Material: {fileID: 0}
  m_IsTrigger: 0
  m_Enabled: 1
  serializedVersion: 2
  m_Size: {x: 0.015673542, y: 0.091605, z: 0.32736295}
  m_Center: {x: -0.000000059604645, y: -0.0458025, z: 1.6387677e-14}
--- !u!65 &848124423
BoxCollider:
  m_ObjectHideFlags: 0
  m_CorrespondingSourceObject: {fileID: 0}
  m_PrefabInstance: {fileID: 0}
  m_PrefabAsset: {fileID: 0}
  m_GameObject: {fileID: 848124419}
  m_Material: {fileID: 0}
  m_IsTrigger: 0
  m_Enabled: 1
  serializedVersion: 2
  m_Size: {x: 0.016245618, y: 0.09033352, z: 0.5824152}
  m_Center: {x: -2.0539468e-14, y: -0.04516676, z: 3.2094888e-16}
--- !u!65 &848124424
BoxCollider:
  m_ObjectHideFlags: 0
  m_CorrespondingSourceObject: {fileID: 0}
  m_PrefabInstance: {fileID: 0}
  m_PrefabAsset: {fileID: 0}
  m_GameObject: {fileID: 848124420}
  m_Material: {fileID: 0}
  m_IsTrigger: 0
  m_Enabled: 1
  serializedVersion: 2
  m_Size: {x: 0.016245618, y: 0.09033352, z: 0.5824152}
  m_Center: {x: -2.0539468e-14, y: -0.04516676, z: 3.2091161e-16}
--- !u!65 &848124425
BoxCollider:
  m_ObjectHideFlags: 0
  m_CorrespondingSourceObject: {fileID: 0}
  m_PrefabInstance: {fileID: 0}
  m_PrefabAsset: {fileID: 0}
  m_GameObject: {fileID: 848124421}
  m_Material: {fileID: 0}
  m_IsTrigger: 0
  m_Enabled: 1
  serializedVersion: 2
  m_Size: {x: 0.015673542, y: 0.091605, z: 0.32736295}
  m_Center: {x: 0.000000059604645, y: -0.0458025, z: 2.4381283e-14}
--- !u!4 &848124426 stripped
Transform:
  m_CorrespondingSourceObject: {fileID: -8679921383154817045, guid: 2f6284a8e667f34448e7400b5726acd6, type: 3}
  m_PrefabInstance: {fileID: 848124417}
  m_PrefabAsset: {fileID: 0}
--- !u!1001 &848886573
PrefabInstance:
  m_ObjectHideFlags: 0
  serializedVersion: 2
  m_Modification:
    m_TransformParent: {fileID: 923813332}
    m_Modifications:
    - target: {fileID: 5451001200254114834, guid: d523a89cc38085b45a3677d1b755e3a5, type: 3}
      propertyPath: m_RootOrder
      value: 0
      objectReference: {fileID: 0}
    - target: {fileID: 5451001200254114834, guid: d523a89cc38085b45a3677d1b755e3a5, type: 3}
      propertyPath: m_LocalPosition.x
      value: -7
      objectReference: {fileID: 0}
    - target: {fileID: 5451001200254114834, guid: d523a89cc38085b45a3677d1b755e3a5, type: 3}
      propertyPath: m_LocalPosition.y
      value: -23.7
      objectReference: {fileID: 0}
    - target: {fileID: 5451001200254114834, guid: d523a89cc38085b45a3677d1b755e3a5, type: 3}
      propertyPath: m_LocalPosition.z
      value: 0
      objectReference: {fileID: 0}
    - target: {fileID: 5451001200254114834, guid: d523a89cc38085b45a3677d1b755e3a5, type: 3}
      propertyPath: m_LocalRotation.x
      value: -0
      objectReference: {fileID: 0}
    - target: {fileID: 5451001200254114834, guid: d523a89cc38085b45a3677d1b755e3a5, type: 3}
      propertyPath: m_LocalRotation.y
      value: -0
      objectReference: {fileID: 0}
    - target: {fileID: 5451001200254114834, guid: d523a89cc38085b45a3677d1b755e3a5, type: 3}
      propertyPath: m_LocalRotation.z
      value: -0
      objectReference: {fileID: 0}
    - target: {fileID: 5451001200254114834, guid: d523a89cc38085b45a3677d1b755e3a5, type: 3}
      propertyPath: m_LocalEulerAnglesHint.x
      value: 0
      objectReference: {fileID: 0}
    - target: {fileID: 5451001200254114834, guid: d523a89cc38085b45a3677d1b755e3a5, type: 3}
      propertyPath: m_LocalEulerAnglesHint.y
      value: 0
      objectReference: {fileID: 0}
    - target: {fileID: 5451001200254114834, guid: d523a89cc38085b45a3677d1b755e3a5, type: 3}
      propertyPath: m_LocalEulerAnglesHint.z
      value: -90
      objectReference: {fileID: 0}
    - target: {fileID: 5451001200254114835, guid: d523a89cc38085b45a3677d1b755e3a5, type: 3}
      propertyPath: m_Name
      value: Fan
      objectReference: {fileID: 0}
    - target: {fileID: 5451001200254114836, guid: d523a89cc38085b45a3677d1b755e3a5, type: 3}
      propertyPath: debug_text
      value: 
      objectReference: {fileID: 0}
    m_RemovedComponents: []
  m_SourcePrefab: {fileID: 100100000, guid: d523a89cc38085b45a3677d1b755e3a5, type: 3}
--- !u!114 &848886574 stripped
MonoBehaviour:
  m_CorrespondingSourceObject: {fileID: 535177308696129975, guid: d523a89cc38085b45a3677d1b755e3a5, type: 3}
  m_PrefabInstance: {fileID: 848886573}
  m_PrefabAsset: {fileID: 0}
  m_GameObject: {fileID: 0}
  m_Enabled: 1
  m_EditorHideFlags: 0
  m_Script: {fileID: 11500000, guid: cfe8a4313a5d34547abcb8e407f28781, type: 3}
  m_Name: 
  m_EditorClassIdentifier: 
--- !u!1001 &923813331
PrefabInstance:
  m_ObjectHideFlags: 0
  serializedVersion: 2
  m_Modification:
    m_TransformParent: {fileID: 0}
    m_Modifications:
    - target: {fileID: 1156003951984526304, guid: 1f4c3e3823d317847af682324d938bd5, type: 3}
      propertyPath: fan_roots.Array.size
      value: 2
      objectReference: {fileID: 0}
    - target: {fileID: 1156003951984526304, guid: 1f4c3e3823d317847af682324d938bd5, type: 3}
      propertyPath: fan_roots.Array.data[0]
      value: 
      objectReference: {fileID: 848886574}
    - target: {fileID: 1156003951984526304, guid: 1f4c3e3823d317847af682324d938bd5, type: 3}
      propertyPath: fan_roots.Array.data[1]
      value: 
      objectReference: {fileID: 350023688}
    - target: {fileID: 1156003951984526305, guid: 1f4c3e3823d317847af682324d938bd5, type: 3}
      propertyPath: m_RootOrder
      value: 10
      objectReference: {fileID: 0}
    - target: {fileID: 1156003951984526305, guid: 1f4c3e3823d317847af682324d938bd5, type: 3}
      propertyPath: m_LocalPosition.x
      value: 0
      objectReference: {fileID: 0}
    - target: {fileID: 1156003951984526305, guid: 1f4c3e3823d317847af682324d938bd5, type: 3}
      propertyPath: m_LocalPosition.y
      value: 0
      objectReference: {fileID: 0}
    - target: {fileID: 1156003951984526305, guid: 1f4c3e3823d317847af682324d938bd5, type: 3}
      propertyPath: m_LocalPosition.z
      value: 0
      objectReference: {fileID: 0}
    - target: {fileID: 1156003951984526305, guid: 1f4c3e3823d317847af682324d938bd5, type: 3}
      propertyPath: m_LocalRotation.w
      value: 1
      objectReference: {fileID: 0}
    - target: {fileID: 1156003951984526305, guid: 1f4c3e3823d317847af682324d938bd5, type: 3}
      propertyPath: m_LocalRotation.x
      value: 0
      objectReference: {fileID: 0}
    - target: {fileID: 1156003951984526305, guid: 1f4c3e3823d317847af682324d938bd5, type: 3}
      propertyPath: m_LocalRotation.y
      value: 0
      objectReference: {fileID: 0}
    - target: {fileID: 1156003951984526305, guid: 1f4c3e3823d317847af682324d938bd5, type: 3}
      propertyPath: m_LocalRotation.z
      value: 0
      objectReference: {fileID: 0}
    - target: {fileID: 1156003951984526305, guid: 1f4c3e3823d317847af682324d938bd5, type: 3}
      propertyPath: m_LocalEulerAnglesHint.x
      value: 0
      objectReference: {fileID: 0}
    - target: {fileID: 1156003951984526305, guid: 1f4c3e3823d317847af682324d938bd5, type: 3}
      propertyPath: m_LocalEulerAnglesHint.y
      value: 0
      objectReference: {fileID: 0}
    - target: {fileID: 1156003951984526305, guid: 1f4c3e3823d317847af682324d938bd5, type: 3}
      propertyPath: m_LocalEulerAnglesHint.z
      value: 0
      objectReference: {fileID: 0}
    - target: {fileID: 1156003951984526319, guid: 1f4c3e3823d317847af682324d938bd5, type: 3}
      propertyPath: m_Name
      value: FanContainer
      objectReference: {fileID: 0}
    m_RemovedComponents: []
  m_SourcePrefab: {fileID: 100100000, guid: 1f4c3e3823d317847af682324d938bd5, type: 3}
--- !u!4 &923813332 stripped
Transform:
  m_CorrespondingSourceObject: {fileID: 1156003951984526305, guid: 1f4c3e3823d317847af682324d938bd5, type: 3}
  m_PrefabInstance: {fileID: 923813331}
  m_PrefabAsset: {fileID: 0}
--- !u!1 &1373948957
GameObject:
  m_ObjectHideFlags: 0
  m_CorrespondingSourceObject: {fileID: 0}
  m_PrefabInstance: {fileID: 0}
  m_PrefabAsset: {fileID: 0}
  serializedVersion: 6
  m_Component:
  - component: {fileID: 1373948958}
  - component: {fileID: 1373948960}
  - component: {fileID: 1373948959}
  m_Layer: 0
  m_Name: Pull (3)
  m_TagString: Untagged
  m_Icon: {fileID: 0}
  m_NavMeshLayer: 0
  m_StaticEditorFlags: 0
  m_IsActive: 1
--- !u!4 &1373948958
Transform:
  m_ObjectHideFlags: 0
  m_CorrespondingSourceObject: {fileID: 0}
  m_PrefabInstance: {fileID: 0}
  m_PrefabAsset: {fileID: 0}
  m_GameObject: {fileID: 1373948957}
  m_LocalRotation: {x: -0, y: -0, z: -0, w: 1}
  m_LocalPosition: {x: 0.02, y: -24.77, z: -0}
  m_LocalScale: {x: 1, y: 1, z: 1}
  m_Children: []
  m_Father: {fileID: 9082949806007443309}
  m_RootOrder: 2
  m_LocalEulerAnglesHint: {x: 0, y: 0, z: 0}
--- !u!114 &1373948959
MonoBehaviour:
  m_ObjectHideFlags: 0
  m_CorrespondingSourceObject: {fileID: 0}
  m_PrefabInstance: {fileID: 0}
  m_PrefabAsset: {fileID: 0}
  m_GameObject: {fileID: 1373948957}
  m_Enabled: 1
  m_EditorHideFlags: 0
  m_Script: {fileID: 11500000, guid: e8559ec42bc2ba5479ed9d16a8cec6bc, type: 3}
  m_Name: 
  m_EditorClassIdentifier: 
  base_force: -2000
--- !u!65 &1373948960
BoxCollider:
  m_ObjectHideFlags: 0
  m_CorrespondingSourceObject: {fileID: 0}
  m_PrefabInstance: {fileID: 0}
  m_PrefabAsset: {fileID: 0}
  m_GameObject: {fileID: 1373948957}
  m_Material: {fileID: 0}
  m_IsTrigger: 1
  m_Enabled: 1
  serializedVersion: 2
  m_Size: {x: 8.278325, y: 12.2959585, z: 3.263577}
  m_Center: {x: -5.742191, y: -6.064391, z: -1.8183358}
--- !u!1001 &1387504990
PrefabInstance:
  m_ObjectHideFlags: 0
  serializedVersion: 2
  m_Modification:
    m_TransformParent: {fileID: 1707261847}
    m_Modifications:
    - target: {fileID: 6712784472222726575, guid: 732554dbe8bef5447a8ff60b9350f5a2, type: 3}
      propertyPath: id
      value: 2
      objectReference: {fileID: 0}
    - target: {fileID: 8875603075383304630, guid: 732554dbe8bef5447a8ff60b9350f5a2, type: 3}
      propertyPath: m_Name
      value: Ball (5)
      objectReference: {fileID: 0}
    - target: {fileID: 8875603075383304634, guid: 732554dbe8bef5447a8ff60b9350f5a2, type: 3}
      propertyPath: m_RootOrder
      value: 5
      objectReference: {fileID: 0}
    - target: {fileID: 8875603075383304634, guid: 732554dbe8bef5447a8ff60b9350f5a2, type: 3}
      propertyPath: m_LocalPosition.x
      value: -5.97
      objectReference: {fileID: 0}
    - target: {fileID: 8875603075383304634, guid: 732554dbe8bef5447a8ff60b9350f5a2, type: 3}
      propertyPath: m_LocalPosition.y
      value: -10.23
      objectReference: {fileID: 0}
    - target: {fileID: 8875603075383304634, guid: 732554dbe8bef5447a8ff60b9350f5a2, type: 3}
      propertyPath: m_LocalPosition.z
      value: 0.009613037
      objectReference: {fileID: 0}
    - target: {fileID: 8875603075383304634, guid: 732554dbe8bef5447a8ff60b9350f5a2, type: 3}
      propertyPath: m_LocalRotation.w
      value: 1
      objectReference: {fileID: 0}
    - target: {fileID: 8875603075383304634, guid: 732554dbe8bef5447a8ff60b9350f5a2, type: 3}
      propertyPath: m_LocalRotation.x
      value: -0
      objectReference: {fileID: 0}
    - target: {fileID: 8875603075383304634, guid: 732554dbe8bef5447a8ff60b9350f5a2, type: 3}
      propertyPath: m_LocalRotation.y
      value: -0
      objectReference: {fileID: 0}
    - target: {fileID: 8875603075383304634, guid: 732554dbe8bef5447a8ff60b9350f5a2, type: 3}
      propertyPath: m_LocalRotation.z
      value: -0
      objectReference: {fileID: 0}
    - target: {fileID: 8875603075383304634, guid: 732554dbe8bef5447a8ff60b9350f5a2, type: 3}
      propertyPath: m_LocalEulerAnglesHint.x
      value: 0
      objectReference: {fileID: 0}
    - target: {fileID: 8875603075383304634, guid: 732554dbe8bef5447a8ff60b9350f5a2, type: 3}
      propertyPath: m_LocalEulerAnglesHint.y
      value: 0
      objectReference: {fileID: 0}
    - target: {fileID: 8875603075383304634, guid: 732554dbe8bef5447a8ff60b9350f5a2, type: 3}
      propertyPath: m_LocalEulerAnglesHint.z
      value: 0
      objectReference: {fileID: 0}
    m_RemovedComponents: []
  m_SourcePrefab: {fileID: 100100000, guid: 732554dbe8bef5447a8ff60b9350f5a2, type: 3}
--- !u!4 &1466102228 stripped
Transform:
  m_CorrespondingSourceObject: {fileID: 8875603075383304634, guid: 732554dbe8bef5447a8ff60b9350f5a2, type: 3}
  m_PrefabInstance: {fileID: 2002049076}
  m_PrefabAsset: {fileID: 0}
--- !u!1001 &1630903836
PrefabInstance:
  m_ObjectHideFlags: 0
  serializedVersion: 2
  m_Modification:
    m_TransformParent: {fileID: 1707261847}
    m_Modifications:
    - target: {fileID: 6712784472222726575, guid: 732554dbe8bef5447a8ff60b9350f5a2, type: 3}
      propertyPath: id
      value: 1
      objectReference: {fileID: 0}
    - target: {fileID: 8875603075383304630, guid: 732554dbe8bef5447a8ff60b9350f5a2, type: 3}
      propertyPath: m_Name
      value: Ball (4)
      objectReference: {fileID: 0}
    - target: {fileID: 8875603075383304634, guid: 732554dbe8bef5447a8ff60b9350f5a2, type: 3}
      propertyPath: m_RootOrder
      value: 4
      objectReference: {fileID: 0}
    - target: {fileID: 8875603075383304634, guid: 732554dbe8bef5447a8ff60b9350f5a2, type: 3}
      propertyPath: m_LocalPosition.x
      value: -9.3
      objectReference: {fileID: 0}
    - target: {fileID: 8875603075383304634, guid: 732554dbe8bef5447a8ff60b9350f5a2, type: 3}
      propertyPath: m_LocalPosition.y
      value: 0.36
      objectReference: {fileID: 0}
    - target: {fileID: 8875603075383304634, guid: 732554dbe8bef5447a8ff60b9350f5a2, type: 3}
      propertyPath: m_LocalPosition.z
      value: 0.009613037
      objectReference: {fileID: 0}
    - target: {fileID: 8875603075383304634, guid: 732554dbe8bef5447a8ff60b9350f5a2, type: 3}
      propertyPath: m_LocalRotation.w
      value: 1
      objectReference: {fileID: 0}
    - target: {fileID: 8875603075383304634, guid: 732554dbe8bef5447a8ff60b9350f5a2, type: 3}
      propertyPath: m_LocalRotation.x
      value: -0
      objectReference: {fileID: 0}
    - target: {fileID: 8875603075383304634, guid: 732554dbe8bef5447a8ff60b9350f5a2, type: 3}
      propertyPath: m_LocalRotation.y
      value: -0
      objectReference: {fileID: 0}
    - target: {fileID: 8875603075383304634, guid: 732554dbe8bef5447a8ff60b9350f5a2, type: 3}
      propertyPath: m_LocalRotation.z
      value: -0
      objectReference: {fileID: 0}
    - target: {fileID: 8875603075383304634, guid: 732554dbe8bef5447a8ff60b9350f5a2, type: 3}
      propertyPath: m_LocalEulerAnglesHint.x
      value: 0
      objectReference: {fileID: 0}
    - target: {fileID: 8875603075383304634, guid: 732554dbe8bef5447a8ff60b9350f5a2, type: 3}
      propertyPath: m_LocalEulerAnglesHint.y
      value: 0
      objectReference: {fileID: 0}
    - target: {fileID: 8875603075383304634, guid: 732554dbe8bef5447a8ff60b9350f5a2, type: 3}
      propertyPath: m_LocalEulerAnglesHint.z
      value: 0
      objectReference: {fileID: 0}
    m_RemovedComponents: []
  m_SourcePrefab: {fileID: 100100000, guid: 732554dbe8bef5447a8ff60b9350f5a2, type: 3}
--- !u!4 &1630903837 stripped
Transform:
  m_CorrespondingSourceObject: {fileID: 8875603075383304634, guid: 732554dbe8bef5447a8ff60b9350f5a2, type: 3}
  m_PrefabInstance: {fileID: 1630903836}
  m_PrefabAsset: {fileID: 0}
--- !u!1 &1707261846
GameObject:
  m_ObjectHideFlags: 0
  m_CorrespondingSourceObject: {fileID: 0}
  m_PrefabInstance: {fileID: 0}
  m_PrefabAsset: {fileID: 0}
  serializedVersion: 6
  m_Component:
  - component: {fileID: 1707261847}
  m_Layer: 0
  m_Name: Balls
  m_TagString: Untagged
  m_Icon: {fileID: 0}
  m_NavMeshLayer: 0
  m_StaticEditorFlags: 0
  m_IsActive: 1
--- !u!4 &1707261847
Transform:
  m_ObjectHideFlags: 0
  m_CorrespondingSourceObject: {fileID: 0}
  m_PrefabInstance: {fileID: 0}
  m_PrefabAsset: {fileID: 0}
  m_GameObject: {fileID: 1707261846}
  m_LocalRotation: {x: 0, y: 0, z: 0, w: 1}
  m_LocalPosition: {x: 0, y: 0, z: 0}
  m_LocalScale: {x: 1, y: 1, z: 1}
  m_Children:
  - {fileID: 1879259931}
  - {fileID: 226471941}
  - {fileID: 545677848}
  - {fileID: 2069695501}
  - {fileID: 1630903837}
  - {fileID: 2106466918}
  - {fileID: 1466102228}
  - {fileID: 335991255}
  - {fileID: 702987219}
  - {fileID: 1998903085}
  m_Father: {fileID: 0}
  m_RootOrder: 6
  m_LocalEulerAnglesHint: {x: 0, y: 0, z: 0}
--- !u!1 &1725301724
GameObject:
  m_ObjectHideFlags: 0
  m_CorrespondingSourceObject: {fileID: 0}
  m_PrefabInstance: {fileID: 0}
  m_PrefabAsset: {fileID: 0}
  serializedVersion: 6
  m_Component:
  - component: {fileID: 1725301725}
  - component: {fileID: 1725301727}
  - component: {fileID: 1725301726}
  m_Layer: 0
  m_Name: Pull (2)
  m_TagString: Untagged
  m_Icon: {fileID: 0}
  m_NavMeshLayer: 0
  m_StaticEditorFlags: 0
  m_IsActive: 1
--- !u!4 &1725301725
Transform:
  m_ObjectHideFlags: 0
  m_CorrespondingSourceObject: {fileID: 0}
  m_PrefabInstance: {fileID: 0}
  m_PrefabAsset: {fileID: 0}
  m_GameObject: {fileID: 1725301724}
  m_LocalRotation: {x: -0, y: -0, z: -0, w: 1}
  m_LocalPosition: {x: 3.38, y: -18.55, z: 0}
  m_LocalScale: {x: 1, y: 1, z: 1}
  m_Children: []
  m_Father: {fileID: 9082949806007443309}
  m_RootOrder: 1
  m_LocalEulerAnglesHint: {x: 0, y: 0, z: 0}
--- !u!114 &1725301726
MonoBehaviour:
  m_ObjectHideFlags: 0
  m_CorrespondingSourceObject: {fileID: 0}
  m_PrefabInstance: {fileID: 0}
  m_PrefabAsset: {fileID: 0}
  m_GameObject: {fileID: 1725301724}
  m_Enabled: 1
  m_EditorHideFlags: 0
  m_Script: {fileID: 11500000, guid: e8559ec42bc2ba5479ed9d16a8cec6bc, type: 3}
  m_Name: 
  m_EditorClassIdentifier: 
  base_force: -2000
--- !u!65 &1725301727
BoxCollider:
  m_ObjectHideFlags: 0
  m_CorrespondingSourceObject: {fileID: 0}
  m_PrefabInstance: {fileID: 0}
  m_PrefabAsset: {fileID: 0}
  m_GameObject: {fileID: 1725301724}
  m_Material: {fileID: 0}
  m_IsTrigger: 1
  m_Enabled: 1
  serializedVersion: 2
  m_Size: {x: 11.949901, y: 17.336622, z: 3.263577}
  m_Center: {x: 0.44973588, y: -9.331487, z: -1.8183358}
--- !u!1 &1803815479
GameObject:
  m_ObjectHideFlags: 0
  m_CorrespondingSourceObject: {fileID: 0}
  m_PrefabInstance: {fileID: 0}
  m_PrefabAsset: {fileID: 0}
  serializedVersion: 6
  m_Component:
  - component: {fileID: 1803815481}
  - component: {fileID: 1803815480}
  m_Layer: 0
  m_Name: Directional Light
  m_TagString: Untagged
  m_Icon: {fileID: 0}
  m_NavMeshLayer: 0
  m_StaticEditorFlags: 0
  m_IsActive: 1
--- !u!108 &1803815480
Light:
  m_ObjectHideFlags: 0
  m_CorrespondingSourceObject: {fileID: 0}
  m_PrefabInstance: {fileID: 0}
  m_PrefabAsset: {fileID: 0}
  m_GameObject: {fileID: 1803815479}
  m_Enabled: 1
  serializedVersion: 10
  m_Type: 1
  m_Shape: 0
  m_Color: {r: 1, g: 1, b: 1, a: 1}
  m_Intensity: 1
  m_Range: 10
  m_SpotAngle: 30
  m_InnerSpotAngle: 21.80208
  m_CookieSize: 10
  m_Shadows:
    m_Type: 1
    m_Resolution: -1
    m_CustomResolution: -1
    m_Strength: 0.271
    m_Bias: 0.05
    m_NormalBias: 0.4
    m_NearPlane: 0.2
    m_CullingMatrixOverride:
      e00: 1
      e01: 0
      e02: 0
      e03: 0
      e10: 0
      e11: 1
      e12: 0
      e13: 0
      e20: 0
      e21: 0
      e22: 1
      e23: 0
      e30: 0
      e31: 0
      e32: 0
      e33: 1
    m_UseCullingMatrixOverride: 0
  m_Cookie: {fileID: 0}
  m_DrawHalo: 0
  m_Flare: {fileID: 0}
  m_RenderMode: 0
  m_CullingMask:
    serializedVersion: 2
    m_Bits: 4294967295
  m_RenderingLayerMask: 1
  m_Lightmapping: 4
  m_LightShadowCasterMode: 0
  m_AreaSize: {x: 1, y: 1}
  m_BounceIntensity: 1
  m_ColorTemperature: 6570
  m_UseColorTemperature: 0
  m_BoundingSphereOverride: {x: 0, y: 0, z: 0, w: 0}
  m_UseBoundingSphereOverride: 0
  m_UseViewFrustumForShadowCasterCull: 1
  m_ShadowRadius: 0
  m_ShadowAngle: 0
--- !u!4 &1803815481
Transform:
  m_ObjectHideFlags: 0
  m_CorrespondingSourceObject: {fileID: 0}
  m_PrefabInstance: {fileID: 0}
  m_PrefabAsset: {fileID: 0}
  m_GameObject: {fileID: 1803815479}
  m_LocalRotation: {x: 0.25881857, y: -0, z: -0, w: 0.965926}
  m_LocalPosition: {x: 0, y: 3, z: 0}
  m_LocalScale: {x: 1, y: 1, z: 1}
  m_Children: []
  m_Father: {fileID: 0}
  m_RootOrder: 1
  m_LocalEulerAnglesHint: {x: 30, y: 0, z: 0}
--- !u!4 &1879259931 stripped
Transform:
  m_CorrespondingSourceObject: {fileID: 8875603075383304634, guid: 732554dbe8bef5447a8ff60b9350f5a2, type: 3}
  m_PrefabInstance: {fileID: 8875603074577930913}
  m_PrefabAsset: {fileID: 0}
--- !u!1001 &1963858565
PrefabInstance:
  m_ObjectHideFlags: 0
  serializedVersion: 2
  m_Modification:
    m_TransformParent: {fileID: 0}
    m_Modifications:
    - target: {fileID: 7220951195849447827, guid: 48fd23db51c17784d870c0702a3be59b, type: 3}
      propertyPath: m_color1.b
      value: 1
      objectReference: {fileID: 0}
    - target: {fileID: 7220951195849447827, guid: 48fd23db51c17784d870c0702a3be59b, type: 3}
      propertyPath: m_color1.g
      value: 0.9568628
      objectReference: {fileID: 0}
    - target: {fileID: 7220951195849447827, guid: 48fd23db51c17784d870c0702a3be59b, type: 3}
      propertyPath: m_color1.r
      value: 0.9294118
      objectReference: {fileID: 0}
    - target: {fileID: 7220951195849447827, guid: 48fd23db51c17784d870c0702a3be59b, type: 3}
      propertyPath: m_color2.b
      value: 1
      objectReference: {fileID: 0}
    - target: {fileID: 7220951195849447827, guid: 48fd23db51c17784d870c0702a3be59b, type: 3}
      propertyPath: m_color2.g
      value: 0.8980393
      objectReference: {fileID: 0}
    - target: {fileID: 7220951195849447827, guid: 48fd23db51c17784d870c0702a3be59b, type: 3}
      propertyPath: m_color2.r
      value: 0.86274517
      objectReference: {fileID: 0}
    - target: {fileID: 7220951196586054026, guid: 48fd23db51c17784d870c0702a3be59b, type: 3}
      propertyPath: m_Name
      value: GradientBG
      objectReference: {fileID: 0}
    - target: {fileID: 7220951196586054069, guid: 48fd23db51c17784d870c0702a3be59b, type: 3}
      propertyPath: m_Pivot.x
      value: 0.5
      objectReference: {fileID: 0}
    - target: {fileID: 7220951196586054069, guid: 48fd23db51c17784d870c0702a3be59b, type: 3}
      propertyPath: m_Pivot.y
      value: 0.5
      objectReference: {fileID: 0}
    - target: {fileID: 7220951196586054069, guid: 48fd23db51c17784d870c0702a3be59b, type: 3}
      propertyPath: m_RootOrder
      value: 3
      objectReference: {fileID: 0}
    - target: {fileID: 7220951196586054069, guid: 48fd23db51c17784d870c0702a3be59b, type: 3}
      propertyPath: m_AnchorMax.x
      value: 0
      objectReference: {fileID: 0}
    - target: {fileID: 7220951196586054069, guid: 48fd23db51c17784d870c0702a3be59b, type: 3}
      propertyPath: m_AnchorMax.y
      value: 0
      objectReference: {fileID: 0}
    - target: {fileID: 7220951196586054069, guid: 48fd23db51c17784d870c0702a3be59b, type: 3}
      propertyPath: m_AnchorMin.x
      value: 0
      objectReference: {fileID: 0}
    - target: {fileID: 7220951196586054069, guid: 48fd23db51c17784d870c0702a3be59b, type: 3}
      propertyPath: m_AnchorMin.y
      value: 0
      objectReference: {fileID: 0}
    - target: {fileID: 7220951196586054069, guid: 48fd23db51c17784d870c0702a3be59b, type: 3}
      propertyPath: m_SizeDelta.x
      value: 1441
      objectReference: {fileID: 0}
    - target: {fileID: 7220951196586054069, guid: 48fd23db51c17784d870c0702a3be59b, type: 3}
      propertyPath: m_SizeDelta.y
      value: 2880
      objectReference: {fileID: 0}
    - target: {fileID: 7220951196586054069, guid: 48fd23db51c17784d870c0702a3be59b, type: 3}
      propertyPath: m_LocalPosition.x
      value: 0
      objectReference: {fileID: 0}
    - target: {fileID: 7220951196586054069, guid: 48fd23db51c17784d870c0702a3be59b, type: 3}
      propertyPath: m_LocalPosition.y
      value: 0
      objectReference: {fileID: 0}
    - target: {fileID: 7220951196586054069, guid: 48fd23db51c17784d870c0702a3be59b, type: 3}
      propertyPath: m_LocalPosition.z
      value: 0
      objectReference: {fileID: 0}
    - target: {fileID: 7220951196586054069, guid: 48fd23db51c17784d870c0702a3be59b, type: 3}
      propertyPath: m_LocalRotation.w
      value: 1
      objectReference: {fileID: 0}
    - target: {fileID: 7220951196586054069, guid: 48fd23db51c17784d870c0702a3be59b, type: 3}
      propertyPath: m_LocalRotation.x
      value: -0
      objectReference: {fileID: 0}
    - target: {fileID: 7220951196586054069, guid: 48fd23db51c17784d870c0702a3be59b, type: 3}
      propertyPath: m_LocalRotation.y
      value: -0
      objectReference: {fileID: 0}
    - target: {fileID: 7220951196586054069, guid: 48fd23db51c17784d870c0702a3be59b, type: 3}
      propertyPath: m_LocalRotation.z
      value: 2.7105054e-20
      objectReference: {fileID: 0}
    - target: {fileID: 7220951196586054069, guid: 48fd23db51c17784d870c0702a3be59b, type: 3}
      propertyPath: m_AnchoredPosition.x
      value: 720.5
      objectReference: {fileID: 0}
    - target: {fileID: 7220951196586054069, guid: 48fd23db51c17784d870c0702a3be59b, type: 3}
      propertyPath: m_AnchoredPosition.y
      value: 1440
      objectReference: {fileID: 0}
    - target: {fileID: 7220951196586054069, guid: 48fd23db51c17784d870c0702a3be59b, type: 3}
      propertyPath: m_LocalEulerAnglesHint.x
      value: 0
      objectReference: {fileID: 0}
    - target: {fileID: 7220951196586054069, guid: 48fd23db51c17784d870c0702a3be59b, type: 3}
      propertyPath: m_LocalEulerAnglesHint.y
      value: 0
      objectReference: {fileID: 0}
    - target: {fileID: 7220951196586054069, guid: 48fd23db51c17784d870c0702a3be59b, type: 3}
      propertyPath: m_LocalEulerAnglesHint.z
      value: 0
      objectReference: {fileID: 0}
    m_RemovedComponents: []
  m_SourcePrefab: {fileID: 100100000, guid: 48fd23db51c17784d870c0702a3be59b, type: 3}
--- !u!1 &1965713943
GameObject:
  m_ObjectHideFlags: 0
  m_CorrespondingSourceObject: {fileID: 0}
  m_PrefabInstance: {fileID: 0}
  m_PrefabAsset: {fileID: 0}
  serializedVersion: 6
  m_Component:
  - component: {fileID: 1965713944}
  - component: {fileID: 1965713946}
  - component: {fileID: 1965713945}
  m_Layer: 5
  m_Name: Debug
  m_TagString: Untagged
  m_Icon: {fileID: 0}
  m_NavMeshLayer: 0
  m_StaticEditorFlags: 0
  m_IsActive: 1
--- !u!224 &1965713944
RectTransform:
  m_ObjectHideFlags: 0
  m_CorrespondingSourceObject: {fileID: 0}
  m_PrefabInstance: {fileID: 0}
  m_PrefabAsset: {fileID: 0}
  m_GameObject: {fileID: 1965713943}
  m_LocalRotation: {x: 0, y: 0, z: 0, w: 1}
  m_LocalPosition: {x: 0, y: 0, z: 0}
  m_LocalScale: {x: 1, y: 1, z: 1}
  m_Children: []
  m_Father: {fileID: 10854759}
  m_RootOrder: 0
  m_LocalEulerAnglesHint: {x: 0, y: 0, z: 0}
  m_AnchorMin: {x: 0.5, y: 0.5}
  m_AnchorMax: {x: 0.5, y: 0.5}
  m_AnchoredPosition: {x: -468, y: 1172}
  m_SizeDelta: {x: 160, y: 30}
  m_Pivot: {x: 0.5, y: 0.5}
--- !u!114 &1965713945
MonoBehaviour:
  m_ObjectHideFlags: 0
  m_CorrespondingSourceObject: {fileID: 0}
  m_PrefabInstance: {fileID: 0}
  m_PrefabAsset: {fileID: 0}
  m_GameObject: {fileID: 1965713943}
  m_Enabled: 1
  m_EditorHideFlags: 0
  m_Script: {fileID: 11500000, guid: 5f7201a12d95ffc409449d95f23cf332, type: 3}
  m_Name: 
  m_EditorClassIdentifier: 
  m_Material: {fileID: 0}
  m_Color: {r: 0.19607843, g: 0.19607843, b: 0.19607843, a: 1}
  m_RaycastTarget: 1
  m_RaycastPadding: {x: 0, y: 0, z: 0, w: 0}
  m_Maskable: 1
  m_OnCullStateChanged:
    m_PersistentCalls:
      m_Calls: []
  m_FontData:
    m_Font: {fileID: 10102, guid: 0000000000000000e000000000000000, type: 0}
    m_FontSize: 100
    m_FontStyle: 0
    m_BestFit: 0
    m_MinSize: 1
    m_MaxSize: 100
    m_Alignment: 0
    m_AlignByGeometry: 0
    m_RichText: 1
    m_HorizontalOverflow: 1
    m_VerticalOverflow: 1
    m_LineSpacing: 1
  m_Text: 
--- !u!222 &1965713946
CanvasRenderer:
  m_ObjectHideFlags: 0
  m_CorrespondingSourceObject: {fileID: 0}
  m_PrefabInstance: {fileID: 0}
  m_PrefabAsset: {fileID: 0}
  m_GameObject: {fileID: 1965713943}
  m_CullTransparentMesh: 1
--- !u!1001 &1998903084
PrefabInstance:
  m_ObjectHideFlags: 0
  serializedVersion: 2
  m_Modification:
    m_TransformParent: {fileID: 1707261847}
    m_Modifications:
    - target: {fileID: 6712784472222726575, guid: 732554dbe8bef5447a8ff60b9350f5a2, type: 3}
      propertyPath: id
      value: 1
      objectReference: {fileID: 0}
    - target: {fileID: 8875603075383304630, guid: 732554dbe8bef5447a8ff60b9350f5a2, type: 3}
      propertyPath: m_Name
      value: Ball (9)
      objectReference: {fileID: 0}
    - target: {fileID: 8875603075383304634, guid: 732554dbe8bef5447a8ff60b9350f5a2, type: 3}
      propertyPath: m_RootOrder
      value: 9
      objectReference: {fileID: 0}
    - target: {fileID: 8875603075383304634, guid: 732554dbe8bef5447a8ff60b9350f5a2, type: 3}
      propertyPath: m_LocalPosition.x
      value: 5
      objectReference: {fileID: 0}
    - target: {fileID: 8875603075383304634, guid: 732554dbe8bef5447a8ff60b9350f5a2, type: 3}
      propertyPath: m_LocalPosition.y
      value: -21.6
      objectReference: {fileID: 0}
    - target: {fileID: 8875603075383304634, guid: 732554dbe8bef5447a8ff60b9350f5a2, type: 3}
      propertyPath: m_LocalPosition.z
      value: 0.009613037
      objectReference: {fileID: 0}
    - target: {fileID: 8875603075383304634, guid: 732554dbe8bef5447a8ff60b9350f5a2, type: 3}
      propertyPath: m_LocalRotation.w
      value: 1
      objectReference: {fileID: 0}
    - target: {fileID: 8875603075383304634, guid: 732554dbe8bef5447a8ff60b9350f5a2, type: 3}
      propertyPath: m_LocalRotation.x
      value: -0
      objectReference: {fileID: 0}
    - target: {fileID: 8875603075383304634, guid: 732554dbe8bef5447a8ff60b9350f5a2, type: 3}
      propertyPath: m_LocalRotation.y
      value: -0
      objectReference: {fileID: 0}
    - target: {fileID: 8875603075383304634, guid: 732554dbe8bef5447a8ff60b9350f5a2, type: 3}
      propertyPath: m_LocalRotation.z
      value: -0
      objectReference: {fileID: 0}
    - target: {fileID: 8875603075383304634, guid: 732554dbe8bef5447a8ff60b9350f5a2, type: 3}
      propertyPath: m_LocalEulerAnglesHint.x
      value: 0
      objectReference: {fileID: 0}
    - target: {fileID: 8875603075383304634, guid: 732554dbe8bef5447a8ff60b9350f5a2, type: 3}
      propertyPath: m_LocalEulerAnglesHint.y
      value: 0
      objectReference: {fileID: 0}
    - target: {fileID: 8875603075383304634, guid: 732554dbe8bef5447a8ff60b9350f5a2, type: 3}
      propertyPath: m_LocalEulerAnglesHint.z
      value: 0
      objectReference: {fileID: 0}
    m_RemovedComponents: []
  m_SourcePrefab: {fileID: 100100000, guid: 732554dbe8bef5447a8ff60b9350f5a2, type: 3}
--- !u!4 &1998903085 stripped
Transform:
  m_CorrespondingSourceObject: {fileID: 8875603075383304634, guid: 732554dbe8bef5447a8ff60b9350f5a2, type: 3}
  m_PrefabInstance: {fileID: 1998903084}
  m_PrefabAsset: {fileID: 0}
--- !u!1001 &2002049076
PrefabInstance:
  m_ObjectHideFlags: 0
  serializedVersion: 2
  m_Modification:
    m_TransformParent: {fileID: 1707261847}
    m_Modifications:
    - target: {fileID: 6712784472222726575, guid: 732554dbe8bef5447a8ff60b9350f5a2, type: 3}
      propertyPath: id
      value: 1
      objectReference: {fileID: 0}
    - target: {fileID: 8875603075383304630, guid: 732554dbe8bef5447a8ff60b9350f5a2, type: 3}
      propertyPath: m_Name
      value: Ball (6)
      objectReference: {fileID: 0}
    - target: {fileID: 8875603075383304634, guid: 732554dbe8bef5447a8ff60b9350f5a2, type: 3}
      propertyPath: m_RootOrder
      value: 6
      objectReference: {fileID: 0}
    - target: {fileID: 8875603075383304634, guid: 732554dbe8bef5447a8ff60b9350f5a2, type: 3}
      propertyPath: m_LocalPosition.x
      value: -8.98
      objectReference: {fileID: 0}
    - target: {fileID: 8875603075383304634, guid: 732554dbe8bef5447a8ff60b9350f5a2, type: 3}
      propertyPath: m_LocalPosition.y
      value: -6.31
      objectReference: {fileID: 0}
    - target: {fileID: 8875603075383304634, guid: 732554dbe8bef5447a8ff60b9350f5a2, type: 3}
      propertyPath: m_LocalPosition.z
      value: 0.009613037
      objectReference: {fileID: 0}
    - target: {fileID: 8875603075383304634, guid: 732554dbe8bef5447a8ff60b9350f5a2, type: 3}
      propertyPath: m_LocalRotation.w
      value: 1
      objectReference: {fileID: 0}
    - target: {fileID: 8875603075383304634, guid: 732554dbe8bef5447a8ff60b9350f5a2, type: 3}
      propertyPath: m_LocalRotation.x
      value: -0
      objectReference: {fileID: 0}
    - target: {fileID: 8875603075383304634, guid: 732554dbe8bef5447a8ff60b9350f5a2, type: 3}
      propertyPath: m_LocalRotation.y
      value: -0
      objectReference: {fileID: 0}
    - target: {fileID: 8875603075383304634, guid: 732554dbe8bef5447a8ff60b9350f5a2, type: 3}
      propertyPath: m_LocalRotation.z
      value: -0
      objectReference: {fileID: 0}
    - target: {fileID: 8875603075383304634, guid: 732554dbe8bef5447a8ff60b9350f5a2, type: 3}
      propertyPath: m_LocalEulerAnglesHint.x
      value: 0
      objectReference: {fileID: 0}
    - target: {fileID: 8875603075383304634, guid: 732554dbe8bef5447a8ff60b9350f5a2, type: 3}
      propertyPath: m_LocalEulerAnglesHint.y
      value: 0
      objectReference: {fileID: 0}
    - target: {fileID: 8875603075383304634, guid: 732554dbe8bef5447a8ff60b9350f5a2, type: 3}
      propertyPath: m_LocalEulerAnglesHint.z
      value: 0
      objectReference: {fileID: 0}
    m_RemovedComponents: []
  m_SourcePrefab: {fileID: 100100000, guid: 732554dbe8bef5447a8ff60b9350f5a2, type: 3}
--- !u!1001 &2069695500
PrefabInstance:
  m_ObjectHideFlags: 0
  serializedVersion: 2
  m_Modification:
    m_TransformParent: {fileID: 1707261847}
    m_Modifications:
    - target: {fileID: 6712784472222726575, guid: 732554dbe8bef5447a8ff60b9350f5a2, type: 3}
      propertyPath: id
      value: 1
      objectReference: {fileID: 0}
    - target: {fileID: 8875603075383304630, guid: 732554dbe8bef5447a8ff60b9350f5a2, type: 3}
      propertyPath: m_Name
      value: Ball (3)
      objectReference: {fileID: 0}
    - target: {fileID: 8875603075383304634, guid: 732554dbe8bef5447a8ff60b9350f5a2, type: 3}
      propertyPath: m_RootOrder
      value: 3
      objectReference: {fileID: 0}
    - target: {fileID: 8875603075383304634, guid: 732554dbe8bef5447a8ff60b9350f5a2, type: 3}
      propertyPath: m_LocalPosition.x
      value: -3.14
      objectReference: {fileID: 0}
    - target: {fileID: 8875603075383304634, guid: 732554dbe8bef5447a8ff60b9350f5a2, type: 3}
      propertyPath: m_LocalPosition.y
      value: -4.39
      objectReference: {fileID: 0}
    - target: {fileID: 8875603075383304634, guid: 732554dbe8bef5447a8ff60b9350f5a2, type: 3}
      propertyPath: m_LocalPosition.z
      value: 0.009613037
      objectReference: {fileID: 0}
    - target: {fileID: 8875603075383304634, guid: 732554dbe8bef5447a8ff60b9350f5a2, type: 3}
      propertyPath: m_LocalRotation.w
      value: 1
      objectReference: {fileID: 0}
    - target: {fileID: 8875603075383304634, guid: 732554dbe8bef5447a8ff60b9350f5a2, type: 3}
      propertyPath: m_LocalRotation.x
      value: -0
      objectReference: {fileID: 0}
    - target: {fileID: 8875603075383304634, guid: 732554dbe8bef5447a8ff60b9350f5a2, type: 3}
      propertyPath: m_LocalRotation.y
      value: -0
      objectReference: {fileID: 0}
    - target: {fileID: 8875603075383304634, guid: 732554dbe8bef5447a8ff60b9350f5a2, type: 3}
      propertyPath: m_LocalRotation.z
      value: -0
      objectReference: {fileID: 0}
    - target: {fileID: 8875603075383304634, guid: 732554dbe8bef5447a8ff60b9350f5a2, type: 3}
      propertyPath: m_LocalEulerAnglesHint.x
      value: 0
      objectReference: {fileID: 0}
    - target: {fileID: 8875603075383304634, guid: 732554dbe8bef5447a8ff60b9350f5a2, type: 3}
      propertyPath: m_LocalEulerAnglesHint.y
      value: 0
      objectReference: {fileID: 0}
    - target: {fileID: 8875603075383304634, guid: 732554dbe8bef5447a8ff60b9350f5a2, type: 3}
      propertyPath: m_LocalEulerAnglesHint.z
      value: 0
      objectReference: {fileID: 0}
    m_RemovedComponents: []
  m_SourcePrefab: {fileID: 100100000, guid: 732554dbe8bef5447a8ff60b9350f5a2, type: 3}
--- !u!4 &2069695501 stripped
Transform:
  m_CorrespondingSourceObject: {fileID: 8875603075383304634, guid: 732554dbe8bef5447a8ff60b9350f5a2, type: 3}
  m_PrefabInstance: {fileID: 2069695500}
  m_PrefabAsset: {fileID: 0}
--- !u!4 &2106466918 stripped
Transform:
  m_CorrespondingSourceObject: {fileID: 8875603075383304634, guid: 732554dbe8bef5447a8ff60b9350f5a2, type: 3}
  m_PrefabInstance: {fileID: 1387504990}
  m_PrefabAsset: {fileID: 0}
--- !u!1001 &2130797803
PrefabInstance:
  m_ObjectHideFlags: 0
  serializedVersion: 2
  m_Modification:
    m_TransformParent: {fileID: 1707261847}
    m_Modifications:
    - target: {fileID: 6712784472222726575, guid: 732554dbe8bef5447a8ff60b9350f5a2, type: 3}
      propertyPath: id
      value: 1
      objectReference: {fileID: 0}
    - target: {fileID: 8875603075383304630, guid: 732554dbe8bef5447a8ff60b9350f5a2, type: 3}
      propertyPath: m_Name
      value: Ball (7)
      objectReference: {fileID: 0}
    - target: {fileID: 8875603075383304634, guid: 732554dbe8bef5447a8ff60b9350f5a2, type: 3}
      propertyPath: m_RootOrder
      value: 7
      objectReference: {fileID: 0}
    - target: {fileID: 8875603075383304634, guid: 732554dbe8bef5447a8ff60b9350f5a2, type: 3}
      propertyPath: m_LocalPosition.x
      value: 6.8
      objectReference: {fileID: 0}
    - target: {fileID: 8875603075383304634, guid: 732554dbe8bef5447a8ff60b9350f5a2, type: 3}
      propertyPath: m_LocalPosition.y
      value: -16.4
      objectReference: {fileID: 0}
    - target: {fileID: 8875603075383304634, guid: 732554dbe8bef5447a8ff60b9350f5a2, type: 3}
      propertyPath: m_LocalPosition.z
      value: 0.009613037
      objectReference: {fileID: 0}
    - target: {fileID: 8875603075383304634, guid: 732554dbe8bef5447a8ff60b9350f5a2, type: 3}
      propertyPath: m_LocalRotation.w
      value: 1
      objectReference: {fileID: 0}
    - target: {fileID: 8875603075383304634, guid: 732554dbe8bef5447a8ff60b9350f5a2, type: 3}
      propertyPath: m_LocalRotation.x
      value: -0
      objectReference: {fileID: 0}
    - target: {fileID: 8875603075383304634, guid: 732554dbe8bef5447a8ff60b9350f5a2, type: 3}
      propertyPath: m_LocalRotation.y
      value: -0
      objectReference: {fileID: 0}
    - target: {fileID: 8875603075383304634, guid: 732554dbe8bef5447a8ff60b9350f5a2, type: 3}
      propertyPath: m_LocalRotation.z
      value: -0
      objectReference: {fileID: 0}
    - target: {fileID: 8875603075383304634, guid: 732554dbe8bef5447a8ff60b9350f5a2, type: 3}
      propertyPath: m_LocalEulerAnglesHint.x
      value: 0
      objectReference: {fileID: 0}
    - target: {fileID: 8875603075383304634, guid: 732554dbe8bef5447a8ff60b9350f5a2, type: 3}
      propertyPath: m_LocalEulerAnglesHint.y
      value: 0
      objectReference: {fileID: 0}
    - target: {fileID: 8875603075383304634, guid: 732554dbe8bef5447a8ff60b9350f5a2, type: 3}
      propertyPath: m_LocalEulerAnglesHint.z
      value: 0
      objectReference: {fileID: 0}
    m_RemovedComponents: []
  m_SourcePrefab: {fileID: 100100000, guid: 732554dbe8bef5447a8ff60b9350f5a2, type: 3}
--- !u!1001 &3555772504973817285
PrefabInstance:
  m_ObjectHideFlags: 0
  serializedVersion: 2
  m_Modification:
    m_TransformParent: {fileID: 0}
    m_Modifications:
    - target: {fileID: 2271239141835837855, guid: 2e4d266dedf68a14081070049b325f72, type: 3}
      propertyPath: m_AnchorMax.x
      value: 0
      objectReference: {fileID: 0}
    - target: {fileID: 2271239141835837855, guid: 2e4d266dedf68a14081070049b325f72, type: 3}
      propertyPath: m_AnchorMax.y
      value: 0
      objectReference: {fileID: 0}
    - target: {fileID: 2271239141835837855, guid: 2e4d266dedf68a14081070049b325f72, type: 3}
      propertyPath: m_AnchorMin.y
      value: 0
      objectReference: {fileID: 0}
    - target: {fileID: 3555772505763382546, guid: 2e4d266dedf68a14081070049b325f72, type: 3}
      propertyPath: m_Name
      value: LevelManager
      objectReference: {fileID: 0}
    - target: {fileID: 3555772505763382556, guid: 2e4d266dedf68a14081070049b325f72, type: 3}
      propertyPath: next_level
      value: 1
      objectReference: {fileID: 0}
    - target: {fileID: 3555772505763382557, guid: 2e4d266dedf68a14081070049b325f72, type: 3}
      propertyPath: m_RootOrder
      value: 0
      objectReference: {fileID: 0}
    - target: {fileID: 3555772505763382557, guid: 2e4d266dedf68a14081070049b325f72, type: 3}
      propertyPath: m_LocalPosition.x
      value: 0.37938344
      objectReference: {fileID: 0}
    - target: {fileID: 3555772505763382557, guid: 2e4d266dedf68a14081070049b325f72, type: 3}
      propertyPath: m_LocalPosition.y
      value: -0.3473633
      objectReference: {fileID: 0}
    - target: {fileID: 3555772505763382557, guid: 2e4d266dedf68a14081070049b325f72, type: 3}
      propertyPath: m_LocalPosition.z
      value: -0.009613037
      objectReference: {fileID: 0}
    - target: {fileID: 3555772505763382557, guid: 2e4d266dedf68a14081070049b325f72, type: 3}
      propertyPath: m_LocalRotation.w
      value: 1
      objectReference: {fileID: 0}
    - target: {fileID: 3555772505763382557, guid: 2e4d266dedf68a14081070049b325f72, type: 3}
      propertyPath: m_LocalRotation.x
      value: 0
      objectReference: {fileID: 0}
    - target: {fileID: 3555772505763382557, guid: 2e4d266dedf68a14081070049b325f72, type: 3}
      propertyPath: m_LocalRotation.y
      value: 0
      objectReference: {fileID: 0}
    - target: {fileID: 3555772505763382557, guid: 2e4d266dedf68a14081070049b325f72, type: 3}
      propertyPath: m_LocalRotation.z
      value: 0
      objectReference: {fileID: 0}
    - target: {fileID: 3555772505763382557, guid: 2e4d266dedf68a14081070049b325f72, type: 3}
      propertyPath: m_LocalEulerAnglesHint.x
      value: 0
      objectReference: {fileID: 0}
    - target: {fileID: 3555772505763382557, guid: 2e4d266dedf68a14081070049b325f72, type: 3}
      propertyPath: m_LocalEulerAnglesHint.y
      value: 0
      objectReference: {fileID: 0}
    - target: {fileID: 3555772505763382557, guid: 2e4d266dedf68a14081070049b325f72, type: 3}
      propertyPath: m_LocalEulerAnglesHint.z
      value: 0
      objectReference: {fileID: 0}
    - target: {fileID: 3555772506607721504, guid: 2e4d266dedf68a14081070049b325f72, type: 3}
      propertyPath: m_OnClick.m_PersistentCalls.m_Calls.Array.data[0].m_Target
      value: 
      objectReference: {fileID: 0}
    - target: {fileID: 5851645708823671359, guid: 2e4d266dedf68a14081070049b325f72, type: 3}
      propertyPath: m_AnchorMax.x
      value: 0
      objectReference: {fileID: 0}
    - target: {fileID: 5851645708823671359, guid: 2e4d266dedf68a14081070049b325f72, type: 3}
      propertyPath: m_AnchorMax.y
      value: 0
      objectReference: {fileID: 0}
    m_RemovedComponents: []
  m_SourcePrefab: {fileID: 100100000, guid: 2e4d266dedf68a14081070049b325f72, type: 3}
--- !u!1001 &8247156672493947540
PrefabInstance:
  m_ObjectHideFlags: 0
  serializedVersion: 2
  m_Modification:
    m_TransformParent: {fileID: 0}
    m_Modifications:
    - target: {fileID: 8247156672951845256, guid: 6395b86f4ededfc468e5b6adc5923ee1, type: 3}
      propertyPath: m_RootOrder
      value: 9
      objectReference: {fileID: 0}
    - target: {fileID: 8247156672951845256, guid: 6395b86f4ededfc468e5b6adc5923ee1, type: 3}
      propertyPath: m_LocalPosition.x
      value: -0.3554952
      objectReference: {fileID: 0}
    - target: {fileID: 8247156672951845256, guid: 6395b86f4ededfc468e5b6adc5923ee1, type: 3}
      propertyPath: m_LocalPosition.y
      value: 43.5
      objectReference: {fileID: 0}
    - target: {fileID: 8247156672951845256, guid: 6395b86f4ededfc468e5b6adc5923ee1, type: 3}
      propertyPath: m_LocalPosition.z
      value: -0.5691557
      objectReference: {fileID: 0}
    - target: {fileID: 8247156672951845256, guid: 6395b86f4ededfc468e5b6adc5923ee1, type: 3}
      propertyPath: m_LocalRotation.w
      value: 1
      objectReference: {fileID: 0}
    - target: {fileID: 8247156672951845256, guid: 6395b86f4ededfc468e5b6adc5923ee1, type: 3}
      propertyPath: m_LocalRotation.x
      value: 0
      objectReference: {fileID: 0}
    - target: {fileID: 8247156672951845256, guid: 6395b86f4ededfc468e5b6adc5923ee1, type: 3}
      propertyPath: m_LocalRotation.y
      value: 0
      objectReference: {fileID: 0}
    - target: {fileID: 8247156672951845256, guid: 6395b86f4ededfc468e5b6adc5923ee1, type: 3}
      propertyPath: m_LocalRotation.z
      value: 0
      objectReference: {fileID: 0}
    - target: {fileID: 8247156672951845256, guid: 6395b86f4ededfc468e5b6adc5923ee1, type: 3}
      propertyPath: m_LocalEulerAnglesHint.x
      value: 0
      objectReference: {fileID: 0}
    - target: {fileID: 8247156672951845256, guid: 6395b86f4ededfc468e5b6adc5923ee1, type: 3}
      propertyPath: m_LocalEulerAnglesHint.y
      value: 0
      objectReference: {fileID: 0}
    - target: {fileID: 8247156672951845256, guid: 6395b86f4ededfc468e5b6adc5923ee1, type: 3}
      propertyPath: m_LocalEulerAnglesHint.z
      value: 0
      objectReference: {fileID: 0}
    - target: {fileID: 8247156672951845262, guid: 6395b86f4ededfc468e5b6adc5923ee1, type: 3}
      propertyPath: m_Name
      value: BallEater
      objectReference: {fileID: 0}
    m_RemovedComponents: []
  m_SourcePrefab: {fileID: 100100000, guid: 6395b86f4ededfc468e5b6adc5923ee1, type: 3}
--- !u!1001 &8875603074577930913
PrefabInstance:
  m_ObjectHideFlags: 0
  serializedVersion: 2
  m_Modification:
    m_TransformParent: {fileID: 1707261847}
    m_Modifications:
    - target: {fileID: 6712784472222726575, guid: 732554dbe8bef5447a8ff60b9350f5a2, type: 3}
      propertyPath: id
      value: 1
      objectReference: {fileID: 0}
    - target: {fileID: 8875603075383304630, guid: 732554dbe8bef5447a8ff60b9350f5a2, type: 3}
      propertyPath: m_Name
      value: Ball
      objectReference: {fileID: 0}
    - target: {fileID: 8875603075383304634, guid: 732554dbe8bef5447a8ff60b9350f5a2, type: 3}
      propertyPath: m_RootOrder
      value: 0
      objectReference: {fileID: 0}
    - target: {fileID: 8875603075383304634, guid: 732554dbe8bef5447a8ff60b9350f5a2, type: 3}
      propertyPath: m_LocalPosition.x
      value: 1.2
      objectReference: {fileID: 0}
    - target: {fileID: 8875603075383304634, guid: 732554dbe8bef5447a8ff60b9350f5a2, type: 3}
      propertyPath: m_LocalPosition.y
      value: 0.3
      objectReference: {fileID: 0}
    - target: {fileID: 8875603075383304634, guid: 732554dbe8bef5447a8ff60b9350f5a2, type: 3}
      propertyPath: m_LocalPosition.z
      value: 0.009613037
      objectReference: {fileID: 0}
    - target: {fileID: 8875603075383304634, guid: 732554dbe8bef5447a8ff60b9350f5a2, type: 3}
      propertyPath: m_LocalRotation.w
      value: 1
      objectReference: {fileID: 0}
    - target: {fileID: 8875603075383304634, guid: 732554dbe8bef5447a8ff60b9350f5a2, type: 3}
      propertyPath: m_LocalRotation.x
      value: -0
      objectReference: {fileID: 0}
    - target: {fileID: 8875603075383304634, guid: 732554dbe8bef5447a8ff60b9350f5a2, type: 3}
      propertyPath: m_LocalRotation.y
      value: -0
      objectReference: {fileID: 0}
    - target: {fileID: 8875603075383304634, guid: 732554dbe8bef5447a8ff60b9350f5a2, type: 3}
      propertyPath: m_LocalRotation.z
      value: -0
      objectReference: {fileID: 0}
    - target: {fileID: 8875603075383304634, guid: 732554dbe8bef5447a8ff60b9350f5a2, type: 3}
      propertyPath: m_LocalEulerAnglesHint.x
      value: 0
      objectReference: {fileID: 0}
    - target: {fileID: 8875603075383304634, guid: 732554dbe8bef5447a8ff60b9350f5a2, type: 3}
      propertyPath: m_LocalEulerAnglesHint.y
      value: 0
      objectReference: {fileID: 0}
    - target: {fileID: 8875603075383304634, guid: 732554dbe8bef5447a8ff60b9350f5a2, type: 3}
      propertyPath: m_LocalEulerAnglesHint.z
      value: 0
      objectReference: {fileID: 0}
    m_RemovedComponents: []
  m_SourcePrefab: {fileID: 100100000, guid: 732554dbe8bef5447a8ff60b9350f5a2, type: 3}
--- !u!1001 &9082949806007443308
PrefabInstance:
  m_ObjectHideFlags: 0
  serializedVersion: 2
  m_Modification:
    m_TransformParent: {fileID: 0}
    m_Modifications:
    - target: {fileID: 9082949805679530809, guid: d9776e04cf19ec5419ae577250db4875, type: 3}
      propertyPath: m_Size.y
      value: 19.02264
      objectReference: {fileID: 0}
    - target: {fileID: 9082949805679530809, guid: d9776e04cf19ec5419ae577250db4875, type: 3}
      propertyPath: m_Center.y
      value: -9.470138
      objectReference: {fileID: 0}
    - target: {fileID: 9082949805679530815, guid: d9776e04cf19ec5419ae577250db4875, type: 3}
      propertyPath: m_IsActive
      value: 0
      objectReference: {fileID: 0}
    - target: {fileID: 9082949805801553996, guid: d9776e04cf19ec5419ae577250db4875, type: 3}
      propertyPath: m_Name
      value: Door
      objectReference: {fileID: 0}
    - target: {fileID: 9082949805801553997, guid: d9776e04cf19ec5419ae577250db4875, type: 3}
      propertyPath: m_RootOrder
      value: 7
      objectReference: {fileID: 0}
    - target: {fileID: 9082949805801553997, guid: d9776e04cf19ec5419ae577250db4875, type: 3}
      propertyPath: m_LocalPosition.x
      value: 0
      objectReference: {fileID: 0}
    - target: {fileID: 9082949805801553997, guid: d9776e04cf19ec5419ae577250db4875, type: 3}
      propertyPath: m_LocalPosition.y
      value: 25.9
      objectReference: {fileID: 0}
    - target: {fileID: 9082949805801553997, guid: d9776e04cf19ec5419ae577250db4875, type: 3}
      propertyPath: m_LocalPosition.z
      value: -2.3
      objectReference: {fileID: 0}
    - target: {fileID: 9082949805801553997, guid: d9776e04cf19ec5419ae577250db4875, type: 3}
      propertyPath: m_LocalRotation.w
      value: -0.00000035762784
      objectReference: {fileID: 0}
    - target: {fileID: 9082949805801553997, guid: d9776e04cf19ec5419ae577250db4875, type: 3}
      propertyPath: m_LocalRotation.x
      value: -0
      objectReference: {fileID: 0}
    - target: {fileID: 9082949805801553997, guid: d9776e04cf19ec5419ae577250db4875, type: 3}
      propertyPath: m_LocalRotation.y
      value: 1
      objectReference: {fileID: 0}
    - target: {fileID: 9082949805801553997, guid: d9776e04cf19ec5419ae577250db4875, type: 3}
      propertyPath: m_LocalRotation.z
      value: -0
      objectReference: {fileID: 0}
    - target: {fileID: 9082949805801553997, guid: d9776e04cf19ec5419ae577250db4875, type: 3}
      propertyPath: m_LocalEulerAnglesHint.x
      value: 0
      objectReference: {fileID: 0}
    - target: {fileID: 9082949805801553997, guid: d9776e04cf19ec5419ae577250db4875, type: 3}
      propertyPath: m_LocalEulerAnglesHint.y
      value: 180
      objectReference: {fileID: 0}
    - target: {fileID: 9082949805801553997, guid: d9776e04cf19ec5419ae577250db4875, type: 3}
      propertyPath: m_LocalEulerAnglesHint.z
      value: 0
      objectReference: {fileID: 0}
    - target: {fileID: 9082949805801553998, guid: d9776e04cf19ec5419ae577250db4875, type: 3}
      propertyPath: id_required
      value: 4
      objectReference: {fileID: 0}
    m_RemovedComponents: []
  m_SourcePrefab: {fileID: 100100000, guid: d9776e04cf19ec5419ae577250db4875, type: 3}
--- !u!4 &9082949806007443309 stripped
Transform:
  m_CorrespondingSourceObject: {fileID: 9082949805679530808, guid: d9776e04cf19ec5419ae577250db4875, type: 3}
  m_PrefabInstance: {fileID: 9082949806007443308}
  m_PrefabAsset: {fileID: 0}
