%YAML 1.1
%TAG !u! tag:unity3d.com,2011:
--- !u!1 &8187710436856203827
GameObject:
  m_ObjectHideFlags: 0
  m_CorrespondingSourceObject: {fileID: 0}
  m_PrefabInstance: {fileID: 0}
  m_PrefabAsset: {fileID: 0}
  serializedVersion: 6
  m_Component:
  - component: {fileID: 8187710436856203830}
  - component: {fileID: 8187710436856203825}
  - component: {fileID: 8187710436856203824}
  m_Layer: 0
  m_Name: Road Mesh Holder
  m_TagString: Untagged
  m_Icon: {fileID: 0}
  m_NavMeshLayer: 0
  m_StaticEditorFlags: 0
  m_IsActive: 1
--- !u!4 &8187710436856203830
Transform:
  m_ObjectHideFlags: 0
  m_CorrespondingSourceObject: {fileID: 0}
  m_PrefabInstance: {fileID: 0}
  m_PrefabAsset: {fileID: 0}
  m_GameObject: {fileID: 8187710436856203827}
  m_LocalRotation: {x: -0, y: -0, z: -0, w: 1}
  m_LocalPosition: {x: 0, y: 0, z: 0}
  m_LocalScale: {x: 1, y: 1, z: 1}
  m_Children: []
  m_Father: {fileID: 8187710438062811995}
  m_RootOrder: 1
  m_LocalEulerAnglesHint: {x: 0, y: 0, z: 0}
--- !u!33 &8187710436856203825
MeshFilter:
  m_ObjectHideFlags: 0
  m_CorrespondingSourceObject: {fileID: 0}
  m_PrefabInstance: {fileID: 0}
  m_PrefabAsset: {fileID: 0}
  m_GameObject: {fileID: 8187710436856203827}
  m_Mesh: {fileID: 0}
--- !u!23 &8187710436856203824
MeshRenderer:
  m_ObjectHideFlags: 0
  m_CorrespondingSourceObject: {fileID: 0}
  m_PrefabInstance: {fileID: 0}
  m_PrefabAsset: {fileID: 0}
  m_GameObject: {fileID: 8187710436856203827}
  m_Enabled: 1
  m_CastShadows: 1
  m_ReceiveShadows: 1
  m_DynamicOccludee: 1
  m_StaticShadowCaster: 0
  m_MotionVectors: 1
  m_LightProbeUsage: 1
  m_ReflectionProbeUsage: 1
  m_RayTracingMode: 2
  m_RayTraceProcedural: 0
  m_RenderingLayerMask: 1
  m_RendererPriority: 0
  m_Materials:
  - {fileID: 2100000, guid: 6736a2a1284b08b408f2712e9b427a22, type: 2}
  - {fileID: 2100000, guid: e0c6771d6f74e8443a7b2e55e3623678, type: 2}
  - {fileID: 2100000, guid: e0c6771d6f74e8443a7b2e55e3623678, type: 2}
  m_StaticBatchInfo:
    firstSubMesh: 0
    subMeshCount: 0
  m_StaticBatchRoot: {fileID: 0}
  m_ProbeAnchor: {fileID: 0}
  m_LightProbeVolumeOverride: {fileID: 0}
  m_ScaleInLightmap: 1
  m_ReceiveGI: 1
  m_PreserveUVs: 0
  m_IgnoreNormalsForChartDetection: 0
  m_ImportantGI: 0
  m_StitchLightmapSeams: 1
  m_SelectedEditorRenderState: 3
  m_MinimumChartSize: 4
  m_AutoUVMaxDistance: 0.5
  m_AutoUVMaxAngle: 89
  m_LightmapParameters: {fileID: 0}
  m_SortingLayerID: 0
  m_SortingLayer: 0
  m_SortingOrder: 0
  m_AdditionalVertexStreams: {fileID: 0}
--- !u!1 &8187710437324279807
GameObject:
  m_ObjectHideFlags: 0
  m_CorrespondingSourceObject: {fileID: 0}
  m_PrefabInstance: {fileID: 0}
  m_PrefabAsset: {fileID: 0}
  serializedVersion: 6
  m_Component:
  - component: {fileID: 8187710437324279794}
  - component: {fileID: 8187710437324279805}
  - component: {fileID: 8187710437324279804}
  - component: {fileID: 8187710437324279795}
  m_Layer: 0
  m_Name: Cylinder
  m_TagString: Untagged
  m_Icon: {fileID: 0}
  m_NavMeshLayer: 0
  m_StaticEditorFlags: 0
  m_IsActive: 1
--- !u!4 &8187710437324279794
Transform:
  m_ObjectHideFlags: 0
  m_CorrespondingSourceObject: {fileID: 0}
  m_PrefabInstance: {fileID: 0}
  m_PrefabAsset: {fileID: 0}
  m_GameObject: {fileID: 8187710437324279807}
  m_LocalRotation: {x: -0.70710707, y: -0, z: -0, w: 0.7071066}
  m_LocalPosition: {x: -10, y: 0, z: 17.34}
  m_LocalScale: {x: 2.0412, y: 0.33967605, z: 2.0412004}
  m_Children: []
  m_Father: {fileID: 8187710438062811995}
  m_RootOrder: 3
  m_LocalEulerAnglesHint: {x: -90, y: 0, z: 0}
--- !u!33 &8187710437324279805
MeshFilter:
  m_ObjectHideFlags: 0
  m_CorrespondingSourceObject: {fileID: 0}
  m_PrefabInstance: {fileID: 0}
  m_PrefabAsset: {fileID: 0}
  m_GameObject: {fileID: 8187710437324279807}
  m_Mesh: {fileID: 10206, guid: 0000000000000000e000000000000000, type: 0}
--- !u!23 &8187710437324279804
MeshRenderer:
  m_ObjectHideFlags: 0
  m_CorrespondingSourceObject: {fileID: 0}
  m_PrefabInstance: {fileID: 0}
  m_PrefabAsset: {fileID: 0}
  m_GameObject: {fileID: 8187710437324279807}
  m_Enabled: 1
  m_CastShadows: 1
  m_ReceiveShadows: 1
  m_DynamicOccludee: 1
  m_StaticShadowCaster: 0
  m_MotionVectors: 1
  m_LightProbeUsage: 1
  m_ReflectionProbeUsage: 1
  m_RayTracingMode: 2
  m_RayTraceProcedural: 0
  m_RenderingLayerMask: 1
  m_RendererPriority: 0
  m_Materials:
  - {fileID: 2100000, guid: e0c6771d6f74e8443a7b2e55e3623678, type: 2}
  m_StaticBatchInfo:
    firstSubMesh: 0
    subMeshCount: 0
  m_StaticBatchRoot: {fileID: 0}
  m_ProbeAnchor: {fileID: 0}
  m_LightProbeVolumeOverride: {fileID: 0}
  m_ScaleInLightmap: 1
  m_ReceiveGI: 1
  m_PreserveUVs: 0
  m_IgnoreNormalsForChartDetection: 0
  m_ImportantGI: 0
  m_StitchLightmapSeams: 1
  m_SelectedEditorRenderState: 3
  m_MinimumChartSize: 4
  m_AutoUVMaxDistance: 0.5
  m_AutoUVMaxAngle: 89
  m_LightmapParameters: {fileID: 0}
  m_SortingLayerID: 0
  m_SortingLayer: 0
  m_SortingOrder: 0
  m_AdditionalVertexStreams: {fileID: 0}
--- !u!114 &8187710437324279795
MonoBehaviour:
  m_ObjectHideFlags: 0
  m_CorrespondingSourceObject: {fileID: 0}
  m_PrefabInstance: {fileID: 0}
  m_PrefabAsset: {fileID: 0}
  m_GameObject: {fileID: 8187710437324279807}
  m_Enabled: 1
  m_EditorHideFlags: 0
  m_Script: {fileID: 11500000, guid: 4f3721c747929e84aa601ebef161e467, type: 3}
  m_Name: 
  m_EditorClassIdentifier: 
  pathCreator: {fileID: 8187710438652629575}
  distance: 0
--- !u!1 &8187710438062811994
GameObject:
  m_ObjectHideFlags: 0
  m_CorrespondingSourceObject: {fileID: 0}
  m_PrefabInstance: {fileID: 0}
  m_PrefabAsset: {fileID: 0}
  serializedVersion: 6
  m_Component:
  - component: {fileID: 8187710438062811995}
  m_Layer: 0
  m_Name: RailFan
  m_TagString: Untagged
  m_Icon: {fileID: 0}
  m_NavMeshLayer: 0
  m_StaticEditorFlags: 0
  m_IsActive: 1
--- !u!4 &8187710438062811995
Transform:
  m_ObjectHideFlags: 0
  m_CorrespondingSourceObject: {fileID: 0}
  m_PrefabInstance: {fileID: 0}
  m_PrefabAsset: {fileID: 0}
  m_GameObject: {fileID: 8187710438062811994}
  m_LocalRotation: {x: 0, y: 0, z: 0, w: 1}
  m_LocalPosition: {x: 0, y: 0, z: 0}
  m_LocalScale: {x: 1, y: 1, z: 1}
  m_Children:
  - {fileID: 8187710438652629573}
  - {fileID: 8187710436856203830}
  - {fileID: 8192135824508890501}
  - {fileID: 8187710437324279794}
  - {fileID: 8187710438558882949}
  m_Father: {fileID: 0}
  m_RootOrder: 0
  m_LocalEulerAnglesHint: {x: 0, y: 0, z: 0}
--- !u!1 &8187710438558882950
GameObject:
  m_ObjectHideFlags: 0
  m_CorrespondingSourceObject: {fileID: 0}
  m_PrefabInstance: {fileID: 0}
  m_PrefabAsset: {fileID: 0}
  serializedVersion: 6
  m_Component:
  - component: {fileID: 8187710438558882949}
  - component: {fileID: 8187710438558882948}
  - component: {fileID: 8187710438558882951}
  - component: {fileID: 8187710438558882970}
  m_Layer: 0
  m_Name: Cylinder (1)
  m_TagString: Untagged
  m_Icon: {fileID: 0}
  m_NavMeshLayer: 0
  m_StaticEditorFlags: 0
  m_IsActive: 1
--- !u!4 &8187710438558882949
Transform:
  m_ObjectHideFlags: 0
  m_CorrespondingSourceObject: {fileID: 0}
  m_PrefabInstance: {fileID: 0}
  m_PrefabAsset: {fileID: 0}
  m_GameObject: {fileID: 8187710438558882950}
  m_LocalRotation: {x: -0.70710707, y: -0, z: -0, w: 0.7071066}
  m_LocalPosition: {x: 10, y: 0, z: 17.34}
  m_LocalScale: {x: 2.0412, y: 0.33967605, z: 2.0412004}
  m_Children: []
  m_Father: {fileID: 8187710438062811995}
  m_RootOrder: 4
  m_LocalEulerAnglesHint: {x: -90, y: 0, z: 0}
--- !u!33 &8187710438558882948
MeshFilter:
  m_ObjectHideFlags: 0
  m_CorrespondingSourceObject: {fileID: 0}
  m_PrefabInstance: {fileID: 0}
  m_PrefabAsset: {fileID: 0}
  m_GameObject: {fileID: 8187710438558882950}
  m_Mesh: {fileID: 10206, guid: 0000000000000000e000000000000000, type: 0}
--- !u!23 &8187710438558882951
MeshRenderer:
  m_ObjectHideFlags: 0
  m_CorrespondingSourceObject: {fileID: 0}
  m_PrefabInstance: {fileID: 0}
  m_PrefabAsset: {fileID: 0}
  m_GameObject: {fileID: 8187710438558882950}
  m_Enabled: 1
  m_CastShadows: 1
  m_ReceiveShadows: 1
  m_DynamicOccludee: 1
  m_StaticShadowCaster: 0
  m_MotionVectors: 1
  m_LightProbeUsage: 1
  m_ReflectionProbeUsage: 1
  m_RayTracingMode: 2
  m_RayTraceProcedural: 0
  m_RenderingLayerMask: 1
  m_RendererPriority: 0
  m_Materials:
  - {fileID: 2100000, guid: e0c6771d6f74e8443a7b2e55e3623678, type: 2}
  m_StaticBatchInfo:
    firstSubMesh: 0
    subMeshCount: 0
  m_StaticBatchRoot: {fileID: 0}
  m_ProbeAnchor: {fileID: 0}
  m_LightProbeVolumeOverride: {fileID: 0}
  m_ScaleInLightmap: 1
  m_ReceiveGI: 1
  m_PreserveUVs: 0
  m_IgnoreNormalsForChartDetection: 0
  m_ImportantGI: 0
  m_StitchLightmapSeams: 1
  m_SelectedEditorRenderState: 3
  m_MinimumChartSize: 4
  m_AutoUVMaxDistance: 0.5
  m_AutoUVMaxAngle: 89
  m_LightmapParameters: {fileID: 0}
  m_SortingLayerID: 0
  m_SortingLayer: 0
  m_SortingOrder: 0
  m_AdditionalVertexStreams: {fileID: 0}
--- !u!114 &8187710438558882970
MonoBehaviour:
  m_ObjectHideFlags: 0
  m_CorrespondingSourceObject: {fileID: 0}
  m_PrefabInstance: {fileID: 0}
  m_PrefabAsset: {fileID: 0}
  m_GameObject: {fileID: 8187710438558882950}
  m_Enabled: 1
  m_EditorHideFlags: 0
  m_Script: {fileID: 11500000, guid: 4f3721c747929e84aa601ebef161e467, type: 3}
  m_Name: 
  m_EditorClassIdentifier: 
  pathCreator: {fileID: 8187710438652629575}
  distance: -0.001
--- !u!1 &8187710438652629569
GameObject:
  m_ObjectHideFlags: 0
  m_CorrespondingSourceObject: {fileID: 0}
  m_PrefabInstance: {fileID: 0}
  m_PrefabAsset: {fileID: 0}
  serializedVersion: 6
  m_Component:
  - component: {fileID: 8187710438652629573}
  - component: {fileID: 8187710438652629575}
  - component: {fileID: 8187710438652629574}
  m_Layer: 0
  m_Name: Rail
  m_TagString: Untagged
  m_Icon: {fileID: 0}
  m_NavMeshLayer: 0
  m_StaticEditorFlags: 0
  m_IsActive: 1
--- !u!4 &8187710438652629573
Transform:
  m_ObjectHideFlags: 0
  m_CorrespondingSourceObject: {fileID: 0}
  m_PrefabInstance: {fileID: 0}
  m_PrefabAsset: {fileID: 0}
  m_GameObject: {fileID: 8187710438652629569}
  m_LocalRotation: {x: -0, y: -0, z: 1, w: 0.00000058114523}
  m_LocalPosition: {x: 0, y: 0, z: 6}
  m_LocalScale: {x: 1, y: 1, z: 1}
  m_Children: []
  m_Father: {fileID: 8187710438062811995}
  m_RootOrder: 0
  m_LocalEulerAnglesHint: {x: 0, y: 0, z: 180}
--- !u!114 &8187710438652629575
MonoBehaviour:
  m_ObjectHideFlags: 0
  m_CorrespondingSourceObject: {fileID: 0}
  m_PrefabInstance: {fileID: 0}
  m_PrefabAsset: {fileID: 0}
  m_GameObject: {fileID: 8187710438652629569}
  m_Enabled: 1
  m_EditorHideFlags: 0
  m_Script: {fileID: 11500000, guid: 8e5ac92bc18f545cc84cd886ece82b4d, type: 3}
  m_Name: 
  m_EditorClassIdentifier: 
  editorData:
    _bezierPath:
      points:
      - {x: -10, y: 0, z: 0}
      - {x: -4, y: 0, z: 0}
      - {x: 4, y: 0, z: 0}
      - {x: 10, y: 0, z: 0}
      isClosed: 0
      space: 0
      controlMode: 0
      autoControlLength: 0.3
      boundsUpToDate: 0
      bounds:
        m_Center: {x: 0, y: 0, z: 0}
        m_Extent: {x: 0, y: 0, z: 0}
      perAnchorNormalsAngle:
      - 0
      - 0
      globalNormalsAngle: 0
      flipNormals: 0
    vertexPathUpToDate: 1
    vertexPathMaxAngleError: 3.1
    vertexPathMinVertexSpacing: 0
    showTransformTool: 1
    showPathBounds: 0
    showPerSegmentBounds: 0
    displayAnchorPoints: 1
    displayControlPoints: 1
    bezierHandleScale: 1
    globalDisplaySettingsFoldout: 0
    keepConstantHandleSize: 1
    showNormalsInVertexMode: 0
    showBezierPathInVertexMode: 0
    showDisplayOptions: 1
    showPathOptions: 1
    showVertexPathDisplayOptions: 1
    showVertexPathOptions: 1
    showNormals: 0
    showNormalsHelpInfo: 0
    tabIndex: 0
  initialized: 1
--- !u!114 &8187710438652629574
MonoBehaviour:
  m_ObjectHideFlags: 0
  m_CorrespondingSourceObject: {fileID: 0}
  m_PrefabInstance: {fileID: 0}
  m_PrefabAsset: {fileID: 0}
  m_GameObject: {fileID: 8187710438652629569}
  m_Enabled: 1
  m_EditorHideFlags: 0
  m_Script: {fileID: 11500000, guid: b275c3b78f8717c4cbc60f74a3247f67, type: 3}
  m_Name: 
  m_EditorClassIdentifier: 
  pathCreator: {fileID: 8187710438652629575}
  autoUpdate: 1
  roadWidth: 0.81
  thickness: 0.2
  flattenSurface: 1
  roadMaterial: {fileID: 2100000, guid: 6736a2a1284b08b408f2712e9b427a22, type: 2}
  undersideMaterial: {fileID: 2100000, guid: e0c6771d6f74e8443a7b2e55e3623678, type: 2}
  textureTiling: 1
  meshHolder: {fileID: 8187710436856203827}
--- !u!1001 &4185401610442469783
PrefabInstance:
  m_ObjectHideFlags: 0
  serializedVersion: 2
  m_Modification:
    m_TransformParent: {fileID: 8187710438062811995}
    m_Modifications:
    - target: {fileID: 1049608159852363549, guid: d523a89cc38085b45a3677d1b755e3a5, type: 3}
      propertyPath: simulationSpeed
      value: 0.5
      objectReference: {fileID: 0}
    - target: {fileID: 1049608159852363549, guid: d523a89cc38085b45a3677d1b755e3a5, type: 3}
      propertyPath: ShapeModule.angle
      value: 36.32
      objectReference: {fileID: 0}
    - target: {fileID: 1049608159852363549, guid: d523a89cc38085b45a3677d1b755e3a5, type: 3}
      propertyPath: ShapeModule.radius.value
      value: 10.8
      objectReference: {fileID: 0}
    - target: {fileID: 1049608159852363549, guid: d523a89cc38085b45a3677d1b755e3a5, type: 3}
      propertyPath: TrailModule.widthOverTrail.scalar
      value: 0.7
      objectReference: {fileID: 0}
    - target: {fileID: 1049608159852363549, guid: d523a89cc38085b45a3677d1b755e3a5, type: 3}
      propertyPath: InitialModule.startLifetime.scalar
      value: 0.2
      objectReference: {fileID: 0}
    - target: {fileID: 1049608159852363549, guid: d523a89cc38085b45a3677d1b755e3a5, type: 3}
      propertyPath: TrailModule.colorOverTrail.maxGradient.atime3
      value: 65535
      objectReference: {fileID: 0}
    - target: {fileID: 1049608159852363549, guid: d523a89cc38085b45a3677d1b755e3a5, type: 3}
      propertyPath: TrailModule.colorOverTrail.maxGradient.key1.b
      value: 1
      objectReference: {fileID: 0}
    - target: {fileID: 1049608159852363549, guid: d523a89cc38085b45a3677d1b755e3a5, type: 3}
      propertyPath: TrailModule.colorOverTrail.maxGradient.key1.g
      value: 0.17365575
      objectReference: {fileID: 0}
    - target: {fileID: 1049608159852363549, guid: d523a89cc38085b45a3677d1b755e3a5, type: 3}
      propertyPath: TrailModule.colorOverTrail.maxGradient.key1.r
      value: 0
      objectReference: {fileID: 0}
    - target: {fileID: 1095440484066185819, guid: d523a89cc38085b45a3677d1b755e3a5, type: 3}
      propertyPath: m_IsActive
      value: 0
      objectReference: {fileID: 0}
    - target: {fileID: 3460369953866847170, guid: d523a89cc38085b45a3677d1b755e3a5, type: 3}
      propertyPath: simulationSpeed
      value: 0.5
      objectReference: {fileID: 0}
    - target: {fileID: 3460369953866847170, guid: d523a89cc38085b45a3677d1b755e3a5, type: 3}
      propertyPath: TrailModule.dieWithParticles
      value: 1
      objectReference: {fileID: 0}
    - target: {fileID: 3460369953866847170, guid: d523a89cc38085b45a3677d1b755e3a5, type: 3}
      propertyPath: TrailModule.widthOverTrail.scalar
      value: 0.7
      objectReference: {fileID: 0}
    - target: {fileID: 3460369953866847170, guid: d523a89cc38085b45a3677d1b755e3a5, type: 3}
      propertyPath: TrailModule.colorOverTrail.maxGradient.atime3
      value: 65535
      objectReference: {fileID: 0}
    - target: {fileID: 3460369953866847170, guid: d523a89cc38085b45a3677d1b755e3a5, type: 3}
      propertyPath: TrailModule.colorOverTrail.maxGradient.key1.b
      value: 1
      objectReference: {fileID: 0}
    - target: {fileID: 3460369953866847170, guid: d523a89cc38085b45a3677d1b755e3a5, type: 3}
      propertyPath: TrailModule.colorOverTrail.maxGradient.key1.g
      value: 0.17365575
      objectReference: {fileID: 0}
    - target: {fileID: 3460369953866847170, guid: d523a89cc38085b45a3677d1b755e3a5, type: 3}
      propertyPath: TrailModule.colorOverTrail.maxGradient.key1.r
      value: 0
      objectReference: {fileID: 0}
    - target: {fileID: 5451001200254114834, guid: d523a89cc38085b45a3677d1b755e3a5, type: 3}
      propertyPath: m_RootOrder
      value: 2
      objectReference: {fileID: 0}
    - target: {fileID: 5451001200254114834, guid: d523a89cc38085b45a3677d1b755e3a5, type: 3}
      propertyPath: m_LocalScale.x
      value: 0.80089
      objectReference: {fileID: 0}
    - target: {fileID: 5451001200254114834, guid: d523a89cc38085b45a3677d1b755e3a5, type: 3}
      propertyPath: m_LocalScale.y
      value: 0.80089
      objectReference: {fileID: 0}
    - target: {fileID: 5451001200254114834, guid: d523a89cc38085b45a3677d1b755e3a5, type: 3}
      propertyPath: m_LocalScale.z
      value: 0.80089
      objectReference: {fileID: 0}
    - target: {fileID: 5451001200254114834, guid: d523a89cc38085b45a3677d1b755e3a5, type: 3}
      propertyPath: m_LocalPosition.x
      value: 0
      objectReference: {fileID: 0}
    - target: {fileID: 5451001200254114834, guid: d523a89cc38085b45a3677d1b755e3a5, type: 3}
      propertyPath: m_LocalPosition.y
      value: -0.05
      objectReference: {fileID: 0}
    - target: {fileID: 5451001200254114834, guid: d523a89cc38085b45a3677d1b755e3a5, type: 3}
      propertyPath: m_LocalPosition.z
      value: 0.97
      objectReference: {fileID: 0}
    - target: {fileID: 5451001200254114834, guid: d523a89cc38085b45a3677d1b755e3a5, type: 3}
      propertyPath: m_LocalRotation.w
      value: 1
      objectReference: {fileID: 0}
    - target: {fileID: 5451001200254114834, guid: d523a89cc38085b45a3677d1b755e3a5, type: 3}
      propertyPath: m_LocalRotation.x
      value: 0
      objectReference: {fileID: 0}
    - target: {fileID: 5451001200254114834, guid: d523a89cc38085b45a3677d1b755e3a5, type: 3}
      propertyPath: m_LocalRotation.y
      value: 0
      objectReference: {fileID: 0}
    - target: {fileID: 5451001200254114834, guid: d523a89cc38085b45a3677d1b755e3a5, type: 3}
      propertyPath: m_LocalRotation.z
      value: 0
      objectReference: {fileID: 0}
    - target: {fileID: 5451001200254114834, guid: d523a89cc38085b45a3677d1b755e3a5, type: 3}
      propertyPath: m_LocalEulerAnglesHint.x
      value: 0
      objectReference: {fileID: 0}
    - target: {fileID: 5451001200254114834, guid: d523a89cc38085b45a3677d1b755e3a5, type: 3}
      propertyPath: m_LocalEulerAnglesHint.y
      value: 0
      objectReference: {fileID: 0}
    - target: {fileID: 5451001200254114834, guid: d523a89cc38085b45a3677d1b755e3a5, type: 3}
      propertyPath: m_LocalEulerAnglesHint.z
      value: 0
      objectReference: {fileID: 0}
    - target: {fileID: 5451001200254114835, guid: d523a89cc38085b45a3677d1b755e3a5, type: 3}
      propertyPath: m_Name
      value: Fan
      objectReference: {fileID: 0}
    m_RemovedComponents:
    - {fileID: 5451001200254114836, guid: d523a89cc38085b45a3677d1b755e3a5, type: 3}
    - {fileID: 8604188592934174335, guid: d523a89cc38085b45a3677d1b755e3a5, type: 3}
  m_SourcePrefab: {fileID: 100100000, guid: d523a89cc38085b45a3677d1b755e3a5, type: 3}
--- !u!1 &8192135824508890500 stripped
GameObject:
  m_CorrespondingSourceObject: {fileID: 5451001200254114835, guid: d523a89cc38085b45a3677d1b755e3a5, type: 3}
  m_PrefabInstance: {fileID: 4185401610442469783}
  m_PrefabAsset: {fileID: 0}
--- !u!4 &8192135824508890501 stripped
Transform:
  m_CorrespondingSourceObject: {fileID: 5451001200254114834, guid: d523a89cc38085b45a3677d1b755e3a5, type: 3}
  m_PrefabInstance: {fileID: 4185401610442469783}
  m_PrefabAsset: {fileID: 0}
--- !u!114 &355091317491872027
MonoBehaviour:
  m_ObjectHideFlags: 0
  m_CorrespondingSourceObject: {fileID: 0}
  m_PrefabInstance: {fileID: 0}
  m_PrefabAsset: {fileID: 0}
  m_GameObject: {fileID: 8192135824508890500}
  m_Enabled: 1
  m_EditorHideFlags: 0
  m_Script: {fileID: 11500000, guid: 96468b4de10ca6d4ab2575f72cc9253a, type: 3}
  m_Name: 
  m_EditorClassIdentifier: 
  startPosition: 0
  offset: {x: 0, y: 0, z: -5}
  pathCreator: {fileID: 8187710438652629575}
  interpolated_position: 0
  distance: 0
  speed: 10
